2711 3418
1370 212 1394 250 6

200 321 455 372 argumentis
482 320 588 362 hanc
629 320 857 361 orationem
885 322 930 361 in
964 320 1136 361 dubium
1173 332 1341 360 vocasse
1373 321 1462 370 jam
1499 332 1624 370 supra
1661 318 1790 358 docui.
1855 319 2005 360 Restat
2042 325 2090 360 ut
2125 319 2375 360 mentionem
2407 315 2554 356 faciam

200 391 338 433 Grotii
366 390 593 432 doctissimi
620 391 736 432 illius
765 396 808 432 et
834 392 1109 432 illustrissimi
1137 391 1277 444 Angli,
1307 391 1376 442 qui
1404 391 1450 430 in
1478 389 1649 430 historia
1675 389 1928 431 Graecorum
1957 391 2066 444 (Vol.
2104 390 2203 439 111„
2240 403 2278 442 p.
2319 388 2413 439 319)
2450 387 2555 427 116116

200 464 428 503 orationem
455 463 506 503 ab
535 462 747 503 Andocide
775 476 866 503 esse
894 463 1080 503 habitam
1108 477 1275 515 prorsus
1303 467 1437 514 negat.

402 534 459 574 Hi
501 539 601 574 sunt
641 534 726 574 fere
741 566 752 583 ,
783 536 853 586 qui
893 534 943 574 de
985 534 1062 575 hac
1098 535 1280 575 oratione
1322 535 1568 574 sententiam
1611 547 1727 573 suam
1774 535 1818 573 in
1860 534 2042 575 medium
2078 534 2348 587 protulerunt.
2423 530 2557 571 Omisi

201 605 397 657 quosdam
411 636 420 653 ‚
450 619 625 656 quorum
653 606 725 645 alii
753 607 797 645 in
826 607 1006 645 transitu
1035 606 1140 645 hanc
1164 620 1251 645 rem
1280 606 1521 656 attigerunt,
1550 606 1622 645 alii
1650 605 1757 644 nihil
1795 606 1894 645 novi
1931 611 2003 646 aut
2041 607 2148 657 quod
2185 606 2324 657 magni
2358 602 2555 643 momenti

202 681 313 717 esset
340 676 531 716 attulisse
558 676 661 716 mihi
689 677 895 717 videntur.
951 677 1012 717 Ut
1039 690 1104 716 res
1133 678 1415 728 postulaverit,
1444 690 1518 716 suo
1546 678 1743 728 cujusque
1771 677 1859 716 loco
1887 679 2089 718 rationem
2116 678 2283 717 habebo.

398 748 557 787 Auctor
585 749 673 799 ipse
702 749 911 795 orationis,
941 750 1128 799 quisquis
1156 749 1229 788 ille
1257 754 1329 795 est,
1356 748 1455 787 dicit
1483 750 1512 799 §-
1544 751 1587 787 2:
1625 744 1650 786 ot
1676 746 1750 795 μὲν
1786 743 1858 787 οὖν
1895 745 2000 799 ἇγών
2037 747 2061 788 ὁ
2089 747 2229 800 παρών
2256 743 2325 786 οὖν
2353 758 2554 798 στεφανη-

201 815 352 870 φόρος,
382 813 466 856 ἀλλ’
496 817 531 857 εἶ
558 818 631 870 χρὴ
660 818 786 871 μηδὲν
814 815 1066 871 ἀδικήσαντα
1093 818 1166 873 τὴν
1191 817 1310 859 πόλιν
1343 816 1442 858 δέκα
1478 816 1546 871 ἔτη
1585 817 1763 871 φεύγειν·
1802 817 1846 857 οἷ
1878 818 1914 857 δ’
1962 816 2317 871 ἀνταγωνιζόμενοι
2354 817 2445 869 περὶ
2478 819 2557 855 τῶν

201 887 342 928 ἄθλων
367 888 523 929 τούτων
551 887 671 940 ἐσμὲν
698 886 773 942 ἐγώ
802 890 866 929 καὶ
888 887 1158 945 Ἀλκιβιάδης
1186 891 1251 930 καί
1278 890 1442 937 Νικίας,
1470 884 1526 929 ὧν
1546 885 1763 941 ἇναγκαῖον
1790 885 1860 929 ἕνα
1887 893 1939 946 τῇ
1967 893 2158 944 συμφορᾷ
2175 891 2412 943 περιπεσεῖν.
2460 887 2557 929 Cer-

202 967 335 1002 tatum
363 962 493 1014 igitur
520 969 585 1003 est
612 963 721 1002 inter
749 962 1003 1004 Andocidem
1031 970 1074 1004 et
1100 963 1357 1005 Alcibiadem
1393 968 1436 1003 et
1473 962 1651 1011 Niciam,
1691 963 1783 1014 quis
1822 977 1964 1004 eorum
2003 965 2128 1005 exilio
2165 962 2402 1004 multandus
2438 965 2556 1009 esset,

203 1032 312 1085 quod
340 1033 552 1086 quaeritur
579 1047 681 1074 num
709 1047 891 1086 unquam
920 1034 1075 1075 factum
1106 1036 1171 1075 sit.

400 1105 657 1147 Andocidem
685 1106 850 1156 quidem
879 1107 1032 1146 scimus
1060 1107 1217 1147 famosa
1244 1107 1317 1147 illa
1344 1119 1468 1147 causa
1494 1107 1740 1158 implicitum
1769 1107 1908 1154 fuisse,
1939 1120 2042 1157 quae
2072 1107 2249 1147 Athenis
2286 1111 2375 1146 acta
2409 1111 2473 1146 est
2508 1105 2559 1146 ob

202 1175 454 1216 Hei-marum
482 1177 799 1225 mutilationem,
829 1177 937 1228 quod
965 1179 1054 1229 ipse
1082 1179 1127 1218 in
1155 1192 1203 1219 ea
1231 1178 1413 1219 oratione
1442 1191 1564 1230 quam
1591 1178 1737 1219 habuit
1765 1177 1814 1218 do
1842 1179 2052 1230 mysteriis
2081 1180 2126 1231 (ξ.
2160 1183 2204 1220 11
2238 1178 2328 1230 etc.)
2368 1177 2467 1218 satis
2496 1190 2560 1217 co-

202 1247 318 1299 piose
346 1254 497 1288 narrat.
553 1248 605 1288 In
635 1261 716 1300 qua
743 1261 866 1289 causa
895 1250 1096 1301 quomodo
1124 1249 1356 1290 Andocides
1385 1263 1428 1290 se
1457 1251 1630 1302 gesserit
1657 1250 1779 1301 plane
1808 1249 1914 1289 nihil
1932 1251 2073 1298 refert,
2104 1263 2230 1302 quum
2247 1253 2414 1295 constet,
2442 1248 2561 1287 finita

203 1331 328 1358 causa
362 1332 458 1358 eum
498 1332 552 1359 ex
586 1320 688 1359 urbe
727 1320 956 1371 profectum
993 1334 1094 1360 esse.
1158 1321 1262 1372 Ejus
1298 1321 1358 1360 rei
1396 1326 1439 1361 et
1465 1321 1616 1373 Lysias
1645 1322 1706 1370 (in
1734 1321 1842 1360 And.
1872 1323 1901 1372 ξ.
1933 1322 2001 1371 26)
2029 1326 2072 1360 et
2105 1320 2335 1360 Andocides
2372 1321 2458 1371 ipse
2493 1320 2560 1372 (de

201 1393 326 1442 myst.
359 1390 453 1442 137)
480 1394 608 1430 testes
637 1395 746 1430 sunt.
803 1391 1041 1431 Alcibiades
1070 1391 1211 1431 eodem
1239 1405 1345 1432 anno
1375 1392 1505 1432 classe
1533 1393 1577 1431 in
1606 1390 1791 1432 Siciliam
1819 1392 1931 1431 abiit.
1988 1392 2091 1431 Inde
2119 1397 2344 1438 revocatus,
2378 1391 2485 1442 quod
2513 1404 2559 1431 eo

204 1462 295 1513 ipso
323 1462 495 1501 crimine
523 1468 737 1502 accusatus
765 1468 875 1511 erat,
905 1478 1032 1514 quum
1060 1464 1220 1503 civibus
1248 1465 1334 1503 suis
1362 1464 1587 1511 diffideret,
1616 1477 1699 1503 non
1717 1464 1905 1503 Athenas
1925 1463 2058 1511 rediit,
2088 1463 2159 1503 sed
2177 1464 2355 1514 primum
2374 1463 2560 1510 Thurios,

202 1532 351 1573 deinde
379 1532 729 1574 Lacedaemonem
758 1547 802 1574 se
830 1535 1017 1574 contulit.
1075 1534 1214 1575 Nicias
1242 1548 1339 1576 vero
1368 1536 1412 1575 in
1441 1534 1584 1576 Sicilia
1611 1535 1847 1575 foedissima
1865 1535 1939 1574 illa
1958 1535 2277 1574 Atheniensium
2296 1534 2409 1574 clade
2426 1535 2559 1586 periit.

201 1603 306 1644 Inde
334 1604 533 1655 sequitur,
562 1609 610 1645 ut
636 1609 842 1646 certamen
872 1605 979 1646 illud
1007 1611 1103 1645 ante
1131 1606 1287 1646 bellum
1316 1604 1622 1658 Syracusanum
1651 1606 1778 1646 fuisse
1807 1619 1973 1646 necesse
2003 1606 2068 1654 sit,
2098 1607 2122 1644 i.
2144 1619 2175 1644 e.
2196 1605 2329 1645 hieme
2353 1606 2451 1645 anni
2469 1608 2559 1645 415.

203 1675 349 1729 (Thuc.
377 1675 449 1724 V„
479 1678 543 1717 83.
574 1676 655 1728 84.)
710 1676 831 1718 Unde
860 1682 984 1728 patet,
1014 1677 1120 1717 hanc
1149 1678 1373 1718 orationem
1401 1677 1585 1718 habitam
1613 1690 1721 1726 esse,
1759 1678 1795 1717 si
1829 1676 1995 1729 quidem
2029 1677 2169 1717 habita
2204 1681 2286 1725 est,
2323 1677 2456 1717 hieme
2492 1677 2561 1717 vel

201 1746 373 1787 ineunte
410 1759 508 1787 vere
545 1748 645 1787 anni
682 1751 773 1787 415.
837 1747 896 1787 Et
933 1761 1031 1787 sane
1068 1749 1304 1789 invenimus
1344 1749 1453 1800 apud
1479 1749 1751 1789 Plutarchum
1778 1750 1854 1788 hoc
1881 1750 1966 1788 fere
1993 1754 2176 1799 tempore
2212 1749 2388 1787 Athenis
2426 1754 2562 1787 actum

201 1831 293 1858 esse
321 1818 372 1857 de
400 1820 639 1858 ostracismo
667 1820 777 1857 inter
804 1820 1062 1859 Alcibiadem
1089 1822 1258 1871 ejusque
1287 1822 1568 1860 adversarium
1596 1823 1684 1861 sive
1718 1823 1755 1860 is
1783 1821 1922 1860 Nicias
1952 1822 2040 1860 sive
2068 1820 2237 1858 Phaeax
2266 1820 2353 1858 fuit.
2417 1819 2560 1869 Neque

204 1893 318 1932 enim
345 1891 570 1931 Plutarcho
598 1891 679 1942 ipsi
709 1892 810 1931 satis
839 1891 996 1942 liquida
1023 1906 1091 1931 res
1117 1892 1246 1932 fuisse
1284 1892 1467 1941 videtur,
1510 1907 1636 1944 quum
1672 1893 1716 1933 111
1754 1893 1843 1933 vita
1880 1892 2021 1932 Niciae
2060 1892 2108 1944 (6.
2144 1891 2237 1943 XI.)
2273 1895 2436 1939 narret,
2473 1904 2561 1931 rem

202 1968 338 2005 actam
365 1976 455 2004 esse
483 1963 593 2004 inter
620 1961 783 2004 Niciam
811 1968 853 2004 et
880 1962 1151 2013 Alcibiadem,
1181 1978 1353 2016 quorum
1381 1965 1452 2018 qui
1479 1965 1695 2017 utriusque
1723 1968 1861 2017 partes
1891 1968 2146 2005 sectarentur
2184 1976 2309 2016 quum
2345 1962 2559 2012 vidissent,

200 2033 490 2089 Hyperbolum
516 2033 727 2076 hominem
753 2048 931 2088 nequam
959 2039 1001 2077 et
1028 2036 1157 2078 vilem
1184 2036 1388 2090 imprimis
1415 2037 1506 2085 niti,
1534 2041 1583 2077 ut
1616 2037 1816 2078 alteruter
1854 2038 2086 2089 ejiceretur,
2126 2039 2358 2087 sperantem
2391 2036 2477 2074 fore
2512 2040 2561 2074 ut

197 2107 289 2160 ipse
316 2118 412 2146 oum
439 2105 570 2146 altero
597 2106 648 2146 de
664 2108 898 2158 principatu
917 2111 1104 2155 certaret,
1134 2109 1361 2159 conjunctis
1379 2109 1539 2148 viribus
1558 2109 1600 2147 id
1619 2110 1763 2160 egisse,
1792 2113 1840 2148 ut
1857 2108 2122 2160 Hyperbolus
2141 2108 2374 2157 pelleretur.
2430 2107 2560 2145 Addit

201 2184 341 2218 autem
367 2177 620 2217 Plutarchus
632 2193 642 2226 ;
683 2173 763 2215 Οὔκ
798 2174 928 2226 ἆγνοῶ
956 2178 995 2216 δ’
1031 2174 1095 2218 ὅτι
1135 2177 1403 2231 Θεόφραστος
1439 2175 1801 2232 ἐξοστρακισθῆναί
1835 2191 1936 2231 φησι
1981 2176 2053 2217 τὸν
2082 2174 2331 2228 “Υπέρβολον
2367 2176 2557 2224 Φαίακος,

201 2244 250 2288 οὗ
277 2247 441 2295 Νικίου,
469 2246 573 2299 πρὸς
594 2243 865 2301 Ἀλκιβιάδην
892 2246 1110 2300 ἐρίσαντος.
1165 2245 1295 2289 Ἀλλ’
1323 2248 1374 2290 οἱ
1398 2249 1630 2297 πλείονες
1671 2245 1797 2290 οὕτω
1833 2247 2171 2301 γεγράφασιν.
2236 2247 2288 2287 Ι11
2319 2249 2407 2288 vita
2443 2247 2556 2288 Alci-

200 2318 334 2361 biadis
362 2324 502 2361 autem
530 2321 580 2373 (6.
608 2318 748 2372 ΧΠῙ.)
777 2320 886 2362 1(16111
908 2325 1072 2370 narrat,
1102 2325 1302 2363 certatum
1331 2334 1421 2363 esse
1448 2321 1558 2363 inter
1584 2321 1843 2363 Alcibiadem
1870 2326 1913 2362 et
1939 2320 2168 2361 Phaeacem
2195 2323 2237 2359 et
2263 2319 2441 2369 Niciam,
2470 2315 2558 2358 ἐπεὶ

202 2390 250 2430 δὲ
278 2390 404 2443 δῆλον
429 2385 499 2445 ἦν,
529 2386 595 2432 ὅτι
623 2386 681 2431 ἔνι’
706 2394 785 2431 τῶν
811 2394 931 2445 τριῶν
956 2390 1006 2432 τὸ
1035 2390 1236 2446 ὄστρακον
1263 2390 1492 2440 ἐποίσουσι,
1522 2391 1715 2447 συνήγαγε
1741 2392 1816 2441 τὰς
1844 2392 2008 2438 στάσεις
2036 2391 2092 2438 εἷς
2123 2386 2270 2431 ταῧτὸν
2291 2387 2556 2444 Ἀλκιβιάδης

200 2462 268 2502 καὶ
295 2462 524 2512 διαλεχθεὶς
549 2462 652 2518 πρὸς
679 2461 752 2504 τὸν
778 2464 940 2511 Νικίαν,
974 2466 1033 2517 τῷ
1061 2462 1301 2519 ’Υπερβόλῳ
1335 2465 1442 2506 κάτω
1478 2466 1532 2520 (Ῡ)
1568 2464 1651 2520 τὴν
1679 2461 2008 2519 ὀστρακοφορίαν
2043 2460 2222 2517 ἔτρεψεν.
2274 2459 2346 2509 Ὧς
2383 2460 2419 2502 δ’
2459 2458 2558 2503 ἔνιοί

199 2546 349 2588 φασιν,
377 2530 426 2574 οὗ
452 2534 555 2589 πρὸς
582 2535 747 2582 Νικίαν,
776 2533 881 2575 ἀλλὰ
907 2534 1011 2590 πρὸς
1042 2537 1205 2577 Φαίακα
1233 2537 1480 2588 διαλεχθεὶς,
1511 2538 1576 2577 καί
1602 2537 1675 2592 τὴν
1702 2536 1853 2578 ἐκείνου
1888 2533 2125 2589 προςλαβὼν
2160 2531 2348 2587 ἑταιρίαν,
2384 2531 2555 2588 ἐξήλασε

198 2605 272 2647 τὸν
293 2604 560 2661 ’Υπὲρβολον,
591 2605 679 2648 οὔδ’
708 2604 760 2648 ἂν
786 2609 1132 2664 προςδοκήσαντα.
1193 2610 1354 2658 Φαῦλος
1381 2608 1456 2663 γὰρ
1485 2606 1617 2658 οὐδεὶς
1641 2608 1847 2651 ἐνέπιπτεν
1867 2609 1923 2657 εἲς
1941 2611 2087 2648 τοῦτον
2103 2605 2175 2646 τὸν
2194 2605 2397 2657 κολασμὸν
2415 2621 2446 2646 κ.
2466 2623 2498 2646 τ.
2518 2606 2551 2646 λ.

197 2679 385 2730 Utroque
412 2680 501 2720 loco
529 2681 646 2720 vides
674 2680 847 2721 eandem
875 2696 963 2722 rem
991 2683 1100 2722 tradi
1143 2682 1191 2722 (16
1220 2683 1445 2730 Alcibiade,
1475 2682 1524 2722 de
1551 2682 1688 2731 Nicia,
1726 2683 1776 2723 de
1813 2683 2000 2722 Phaeace
2013 2713 2022 2728 ‚
2063 2679 2113 2719 de
2152 2679 2400 2731 Hyperbolo.
2467 2679 2553 2719 Vix

197 2763 382 2803 unquam
409 2751 510 2791 satis
549 2752 748 2804 explicari
785 2766 906 2805 posse
943 2752 1130 2802 videtur,
1159 2759 1252 2794 uter
1278 2754 1426 2795 horum
1453 2766 1547 2794 cum
1574 2754 1787 2795 Alcibiade
1815 2750 2095 2799 decertaverit,
2124 2750 2261 2790 Nicias
2289 2763 2343 2789 an
2369 2750 2551 2798 Phaeax,

195 2820 269 2862 sed
295 2826 344 2861 ut
370 2821 480 2862 inter
507 2835 650 2863 omnes
678 2828 850 2873 constat,
879 2824 1138 2865 Alcibiadem
1165 2830 1274 2864 certe
1301 2826 1508 2878 illigatum
1526 2825 1654 2865 fuisse
1672 2826 1747 2865 illa
1762 2827 1848 2873 lite,
1876 2826 1935 2864 ita
1957 2823 2098 2874 negari
2126 2836 2209 2861 non
2236 2826 2382 2873 potest,
2410 2822 2551 2861 Ando-

195 2892 298 2932 cidis
326 2906 532 2945 nusquam
559 2908 613 2934 ne
639 2897 853 2935 minimam
883 2897 1049 2947 quidem
1076 2899 1327 2936 mentionem
1354 2898 1456 2936 fieri.
1511 2898 1630 2936 Adde
1658 2899 1767 2948 quod
1794 2896 2026 2936 Andocides
2055 2896 2153 2944 ipse,
2184 2895 2253 2943 qui
2272 2894 2402 2933 611166
2428 2908 2551 2934 causa

194 2964 422 3015 implicitus
450 2966 610 3014 fuisset,
639 2968 810 3018 effugise
839 2968 1065 3008 credendus
1102 2974 1232 3016 esset,
1272 2983 1398 3020 quum
1435 2968 1552 3009 brevi
1586 2974 1681 3020 post
1721 2970 1857 3009 laesae
1893 2965 2104 3018 religionis
2138 2968 2303 3016 propter
2337 2964 2549 3006 mutilatos

194 3034 373 3078 Hermas
403 3035 581 3080 Athenis
610 3044 892 3088 accusaretur,
921 3039 966 3081 in
993 3041 1081 3082 suis
1109 3040 1382 3090 orationibus,
1412 3053 1515 3093 quae
1541 3045 1711 3082 cunctae
1747 3044 1841 3094 post
1874 3038 1979 3080 hanc
2016 3049 2181 3078 causam
2214 3040 2346 3077 actam
2383 3035 2546 3080 habitae
