2711 3418
1228 231 1277 268 10

732 335 814 375 Καὶ
841 334 1142 387 γμωμοτυπικὸς
1172 336 1236 375 καί
1265 336 1401 391 σαφὴς
1431 337 1496 376 καί
1524 349 1772 390 κρουστικος,

731 407 1041 461 Καταληπτικὸς
1068 412 1101 446 τ’
1131 406 1278 462 ἄριστα
1305 412 1379 448 τοῦ
1405 411 1685 462 θορυβητικοῦ.

270 494 375 535 Cum
403 496 468 534 his
497 509 737 548 comparans
767 511 870 546 quae
899 497 1050 536 Noster
1076 498 1173 536 dicit
1214 499 1243 547 ξ.
1273 498 1345 536 37:
1389 497 1530 543 οἵτινες
1573 496 1648 535 δύο
1689 499 1768 534 τῶν
1810 495 1882 548 τὴν
1923 494 2047 550 αὐτὴν
2088 497 2220 537 αἰτίαν
2261 494 2429 546 ἐχόντων

76 562 165 616 ἐμοὶ
201 563 455 614 ἀπέκτειναν,
497 568 791 619 Aristophanis
819 569 1056 610 testimonio
1091 569 1321 609 confirmari
1359 568 1579 617 contendit,
1609 581 1712 620 quae
1749 572 1886 608 orator
1922 568 2084 609 dixerit.
2148 567 2429 619 „Ooneordant

72 638 229 686 omnia,
258 638 412 690 pergit,
442 638 658 678 confirmat
686 639 798 679 enim
825 646 966 679 noster
995 645 1150 688 orator,
1181 653 1223 679 se
1252 640 1351 680 olim
1380 640 1524 691 eapitis
1553 652 1717 679 causam
1746 638 1922 688 dixisse;
1950 640 2077 680 fuisse
2118 640 2332 681 sententiis
2361 640 2427 690 ju-

71 709 206 748 dicum
235 709 491 758 absolutum,
522 709 623 749 duos
652 710 811 758 deinde,
842 711 912 761 qui
940 711 983 749 in
1013 712 1153 750 eadem
1180 712 1334 750 fuerint
1362 723 1503 760 causa,
1534 711 1725 749 dissimili
1753 714 1892 749 tamen
1927 724 2023 750 usos
2061 725 2149 750 esse
2186 712 2348 750 fortuna
2385 715 2426 748 et

69 786 245 819 mortem
283 781 496 819 subiisse.“
567 780 636 820 Sic
678 782 893 832 Taylorus.
964 783 1023 820 At
1060 796 1133 820 nos
1172 782 1405 828 videamus,
1449 795 1550 820 num
1588 782 1725 820 omnia
1771 794 1814 820 se
1860 782 1919 820 ita
1958 782 2145 821 habeant.
2202 781 2426 822 Consident

69 852 177 902 apud
206 853 529 902 Aristophanem
558 854 716 903 aliquot
744 854 1021 893 adolescentes
1053 855 1159 891 inter
1188 869 1228 891 se
1259 853 1590 900 confabulantes,
1620 852 1810 903 gaudent,
1840 852 1947 903 quod
1977 853 2147 893 Phaeax
2181 868 2312 904 nuper
2344 866 2427 892 non

70 922 215 974 capitis
243 921 462 964 damnatus
502 923 556 964 sit
593 937 767 976 eumque
803 929 845 965 et
883 921 1015 976 σοφόν
1052 930 1092 965 et
1132 921 1384 976 συνερκτικόν
1421 922 1500 964 κτλ.
1539 923 1794 976 significant,
1834 922 1954 975 idque
1994 937 2215 978 congruere
2253 923 2426 977 Tayloro

70 994 236 1036 videtur
264 1007 357 1035 cum
386 995 452 1036 his
480 995 619 1037 verbis
648 997 820 1038 oratoris
849 996 1041 1036 τεθνάναι
1072 996 1106 1035 δ’
1135 991 1204 1035 οὔκ
1233 994 1344 1046 ἄξιος
1372 1002 1414 1037 et
1441 996 1584 1043 οἵτινες
1613 993 1689 1035 δύο
1716 996 1795 1033 τῶν
1833 993 1906 1048 την
1942 991 2065 1050 αὐτὴν
2099 995 2233 1035 αἰτίαν
2261 992 2428 1050 ἕχοντων

69 1063 158 1117 ἐμοὶ
205 1063 452 1106 ἀπέκτειναν.
537 1068 601 1107 De
646 1069 711 1108 his
763 1070 1004 1121 priusquam
1051 1082 1268 1121 pergamus
1315 1069 1414 1108 haec
1459 1068 1721 1119 praemittere
1767 1068 1909 1115 liceat,
1965 1069 2128 1107 etiamsi
2174 1074 2215 1107 et
2259 1070 2424 1107 illorum

69 1139 392 1179 adolescentium
422 1153 630 1180 sermones
660 1147 701 1180 et
728 1148 866 1180 orator
893 1147 1034 1180 noster
1062 1142 1113 1180 ad
1141 1142 1310 1181 eandem
1339 1155 1504 1180 causam
1533 1145 1728 1191 spectent,
1756 1140 1858 1178 mihi
1888 1140 2017 1179 nihilo
2045 1142 2176 1192 magis
2205 1142 2427 1180 orationem

70 1216 255 1249 nostram
283 1224 307 1249 a
336 1210 523 1250 Phaeace
553 1213 747 1262 scriptam
776 1212 1102 1250 demonstratum
1130 1226 1219 1251 esse
1250 1212 1421 1252 videtur.
1477 1213 1629 1250 Insunt
1656 1212 1767 1250 enim
1794 1211 1838 1249 in
1867 1224 1914 1250 ea
1942 1212 2152 1261 quaedam,
2182 1225 2284 1263 quae
2311 1213 2425 1252 nullo

70 1283 234 1333 negotio
252 1283 377 1321 etiam
397 1283 447 1321 ad
470 1283 726 1322 Andocidem
750 1284 894 1322 referri
919 1285 1098 1334 possint,
1129 1298 1249 1336 quem
1277 1285 1473 1323 orationis
1499 1284 1737 1333 scriptorem
1757 1296 1840 1321 non
1860 1296 1948 1321 esse
1971 1284 2060 1334 jam
2084 1283 2425 1323 demonstravisse

75 1353 193 1393 nobis
219 1353 418 1393 videmur.
477 1353 558 1393 Sed
577 1367 745 1405 prorsus
765 1369 848 1394 non
868 1361 1053 1394 constare
1073 1355 1175 1393 mihi
1190 1355 1364 1403 videtur,
1393 1355 1563 1394 eandem
1583 1368 1747 1393 causam
1767 1354 1817 1393 ab
1837 1359 2009 1404 utroque
2037 1355 2221 1404 spectari.
2268 1353 2423 1402 Quodsi

70 1431 311 1476 reputamus
339 1425 513 1476 Equites
543 1426 835 1477 Aristophanis
865 1441 957 1466 cum
987 1428 1165 1477 primum
1193 1441 1300 1466 anno
1330 1431 1409 1466 424
1438 1440 1579 1466 mense
1607 1426 1807 1466 Januario
1836 1426 1880 1464 in
1919 1439 2082 1465 scenam
2121 1427 2237 1465 missi
2275 1432 2422 1474 essent,

70 1510 237 1537 causam
265 1499 392 1544 illam,
423 1512 546 1548 quam
574 1504 751 1550 tangunt
787 1513 974 1538 sermone
1009 1500 1285 1538 adolescentes
1323 1500 1469 1537 saltem
1509 1513 1616 1537 anno
1653 1502 1730 1537 425
1769 1504 1902 1536 actam
1938 1511 2028 1536 esse
2066 1504 2272 1548 oportere,
2312 1504 2425 1549 patet

69 1569 179 1609 inter
207 1582 298 1610 eam
327 1576 368 1610 et
395 1578 580 1610 nostram
608 1570 747 1610 decem
776 1584 905 1610 annos
935 1569 1193 1610 intercedere.
1252 1569 1449 1621 Quisquis
1478 1577 1615 1609 autem
1642 1569 1847 1610 orationes
1876 1568 2099 1609 Andocidis
2137 1569 2205 1609 vel
2244 1570 2424 1621 cujusvis

70 1639 177 1680 alius
206 1642 380 1681 oratoris
409 1641 575 1693 legerit,
605 1642 641 1681 is
670 1642 875 1690 inveniet,
915 1655 983 1681 eos
1023 1654 1088 1681 res
1128 1642 1231 1681 tanti
1264 1642 1472 1688 momenti,
1512 1653 1614 1691 quae
1643 1640 1781 1680 decem
1820 1641 1887 1680 vel
1923 1641 2112 1692 pluribus
2151 1642 2269 1680 annis
2304 1644 2425 1679 antea

68 1711 301 1761 acciderint,
332 1713 453 1752 aliter
481 1714 525 1751 in
553 1714 809 1753 audientium
837 1714 1078 1752 memoriam
1106 1726 1306 1759 revocare,
1336 1726 1459 1765 quam
1488 1713 1663 1751 strictim
1691 1718 1732 1750 et
1760 1713 1878 1762 quasi
1906 1714 1950 1750 in
1983 1713 2179 1759 transitu,
2209 1712 2314 1762 quod
2353 1725 2424 1750 eur

68 1785 251 1832 fecerint,
277 1786 347 1836 qui
362 1786 536 1831 noverit,
560 1800 683 1836 quam
698 1787 885 1825 celeriter
900 1786 1097 1825 memoria
1112 1799 1248 1824 rerum
1262 1786 1390 1824 nullis
1414 1785 1629 1824 literarum
1643 1784 1920 1824 monumentis
1936 1785 2267 1835 consignatarum
2284 1783 2424 1834 depra-

71 1858 162 1896 vari
177 1858 368 1907 potuerit,
389 1857 582 1908 perfacile
601 1859 817 1909 intelliget.
865 1859 929 1898 An
945 1857 1083 1897 credat
1101 1858 1330 1909 quisquam,
1347 1856 1624 1895 Athenienses
1643 1869 1843 1895 memores
1867 1856 1994 1895 fuiase
2017 1868 2173 1902 causae,
2200 1868 2302 1905 quae
2326 1860 2420 1894 ante

69 1926 209 1969 decem
227 1942 356 1970 annos
377 1935 466 1970 aeta
484 1934 583 1978 erat,
614 1929 735 1981 idque
751 1944 833 1970 nou
849 1943 985 1969 coram
998 1929 1158 1981 populo,
1180 1928 1250 1968 sed
1259 1927 1496 1980 judicibus?
1539 1926 1649 1966 Num
1664 1926 1857 1966 credibile
1873 1932 1947 1975 est,
1966 1926 2098 1965 ullum
2119 1931 2320 1966 oratorem
2341 1926 2423 1966 tale

71 2000 227 2052 aliquid
257 2002 321 2040 sui
351 2001 594 2041 defendendi
623 2015 745 2041 causa
782 2002 994 2048 attulisse,
1034 2002 1134 2052 quin
1169 2001 1419 2051 intelligeret
1456 1999 1496 2037 id
1537 2001 1741 2038 incassum
1770 2000 1886 2038 fore?
1942 1997 2100 2046 Quodsi
2134 1998 2287 2036 dixisse
2324 1999 2427 2037 illud

71 2070 217 2118 οἵτινες
246 2072 323 2111 δύο
351 2076 429 2110 τιῦν
455 2072 528 2125 τὴν
556 2070 680 2126 αὐτὴν
697 2072 829 2111 αἰτίαν
858 2071 1027 2121 ἐχόντων
1056 2069 1143 2121 ἐμοὶ
1177 2068 1413 2110 ἀπέκτειναν
1440 2077 1642 2110 oratorem
1671 2071 1904 2116 credamus,
1943 2076 2081 2108 tamen
2116 2070 2185 2119 qui
2219 2074 2305 2108 tam
2338 2070 2427 2109 bre-

70 2144 180 2184 viter
208 2158 254 2184 ac
282 2145 391 2185 nude
421 2145 577 2196 aliquid
605 2152 803 2197 tangeret,
833 2160 927 2185 eum
956 2150 1162 2196 oporteret
1196 2158 1287 2184 eam
1324 2157 1412 2182 rem
1448 2148 1651 2193 spectare,
1690 2155 1793 2193 quae
1829 2141 2013 2182 omnium
2048 2140 2091 2180 in
2128 2147 2264 2180 mente
2301 2140 2429 2181 infixa

72 2214 204 2256 adhue
232 2215 432 2266 haereret,
462 2217 570 2269 quod
598 2218 763 2270 quidem
790 2217 866 2258 hac
895 2218 938 2256 in
968 2230 1012 2257 re
1040 2217 1112 2258 vix
1144 2216 1233 2256 fieri
1261 2215 1444 2267 potuisse
1473 2214 1647 2254 videtur.

270 2311 416 2351 Alium
455 2311 598 2351 laudat
634 2312 770 2352 locum
810 2312 1013 2364 Taylorus
1051 2311 1102 2350 ad
1140 2308 1460 2350 confirmandam
1501 2308 1748 2352 sententiam
1779 2308 1808 2359 ξ.
1849 2311 1912 2347 29.
1939 2302 2038 2345 (Ἰνα
2074 2303 2147 2357 τὴν
2181 2304 2299 2345 πόλιν
2333 2301 2429 2359 ὅλην

70 2377 241 2433 ὑβρίζων
269 2378 491 2431 ἐπιδόξειε,
520 2382 572 2421 τὰ
600 2386 780 2432 πομπεῖα
807 2382 918 2435 παρὰ
946 2385 1025 2420 τιῦν
1053 2379 1309 2433 ἇρχιθειιιρῶν
1337 2378 1604 2432 αἰτησάμενος
1641 2375 1694 2425 ὥς
1723 2378 1780 2425 εἰς
1807 2374 2010 2417 τάπινίκια
2037 2378 2089 2430 τῇ
2115 2376 2331 2428 προτερείᾳ
2359 2381 2429 2431 τῆς

71 2452 221 2502 θυσίας
248 2454 516 2508 χρησόμενος,
546 2451 772 2509 ἐξηπάτησε
801 2455 867 2494 καί
895 2451 1120 2493 ἀποδοῦναι
1150 2449 1219 2493 οῧκ
1248 2450 1388 2507 ἤθελε,
1416 2448 1664 2501 βουλόμενος
1691 2453 1744 2507 τῇ
1770 2447 1957 2502 ὖστερείᾳ
1975 2446 2173 2502 πρότερος
2190 2450 2261 2502 τῆς
2276 2446 2430 2498 πόλεως

69 2523 304 2581 χρήσασθαι
332 2529 417 2574 τοῖς
443 2529 605 2581 χρυσοῖς
632 2526 830 2580 χερνίβοις
859 2526 924 2565 καί
952 2524 1250 2579 θυμιατηρίοις.
1279 2519 1371 2564 ὅσοι
1398 2522 1470 2573 μὲν
1499 2518 1569 2562 οὖν
1596 2520 1715 2571 ξένιον
1750 2521 1805 2575 μὴ
1835 2520 2068 2572 ἐγίγνωσκον
2104 2516 2279 2572 ἡμέτερα
2317 2519 2429 2567 ὅντα,

69 2598 143 2653 τὴν
169 2597 336 2652 πόμπην
362 2599 435 2653 τὴν
463 2599 597 2653 κοινὴν
624 2599 795 2652 ὁρῶντες
824 2597 996 2652 ὑστέραν
1023 2595 1150 2637 οὖσαν
1177 2601 1248 2651 τῆς
1270 2594 1542 2645 Ἀλκιβιάδου
1578 2599 1664 2642 τοῖς
1698 2594 1844 2634 τούτου
1880 2592 2094 2642 πομπείοις
2130 2594 2307 2645 χρῆσθαι
2343 2591 2430 2634 ἐνό-

70 2671 188 2721 μιζον
215 2671 320 2725 ἡμᾶς
349 2673 428 2711 κτλ.
483 2674 577 2713 Hue
598 2680 780 2725 spectare
800 2674 899 2713 dicit
917 2674 1052 2712 locum
1071 2672 1193 2712 illum
1220 2668 1446 2716 Plutarchi,
1476 2668 1566 2709 Alc.
1594 2667 1715 2709 XIII.
1746 2663 1912 2720 φέρεται
1942 2662 1987 2705 δὲ
2017 2663 2084 2703 καὶ
2110 2661 2230 2715 λόγος
2255 2679 2317 2713 τις
2345 2661 2428 2707 κᾶτ’

66 2738 338 2794 Ἀλκιβιάδου
364 2741 444 2785 ὑπὸ
475 2743 654 2792 Φαίακος
691 2741 979 2797 γεγραμμένος,
1010 2741 1052 2783 ἐν
1080 2737 1113 2796 ᾦ
1140 2741 1243 2793 μετὰ
1271 2743 1350 2780 τῶν
1378 2738 1508 2779 ἄλλων
1534 2736 1773 2792 γέγραπται,
1803 2737 1868 2776 καί
1896 2732 1983 2782 ὅτι,
2011 2737 2083 2789 τῆς
2109 2733 2265 2783 πόλεως
2298 2737 2429 2777 πολλὰ

69 2818 251 2866 πομπεῖα
277 2819 406 2869 χρυσᾶ
435 2816 501 2854 καί
529 2812 680 2870 ἆργυρᾶ
708 2813 964 2869 κεκτημένης,
996 2814 1257 2867 Ἀλκιβιάδης
1286 2811 1428 2866 ἐχρῆτο
1454 2815 1578 2849 πᾶσιν
1604 2807 1742 2857 αὐτοῖς
1780 2806 1915 2861 ὥσπερ
1951 2807 2071 2853 ἰδίοις
2105 2805 2208 2858 πρὸς
2235 2807 2308 2861 τὴν
2335 2812 2428 2848 καθ’

73 2885 228 2940 ἡμέραν
256 2888 427 2927 δίαιταν.
485 2889 553 2927 Ad
581 2889 680 2927 haec
709 2890 835 2927 etiam
863 2889 1055 2934 Vaterus,
1086 2889 1156 2937 qui
1185 2886 1352 2937 Taylori
1381 2885 1654 2933 conjecturam
1683 2888 1846 2922 secutus
1885 2885 1967 2927 est,
2009 2884 2307 2920 comment-atus
2345 2888 2427 2922 est:

78 2963 156 3013 „(p.
190 2961 287 3010 441)
305 2960 460 3000 aceedit
478 2974 576 3000 vero
599 2961 723 3000 etiam
742 2959 944 2999 disertum
973 2958 1256 2998 testimonium
1284 2955 1499 2996 Plutarchi
1528 2955 1637 3008 (Alc.
1666 2953 1820 3006 XIII),
1850 2952 1920 3004 qui
1946 2949 2125 2990 Phaeaei
2151 2948 2298 2990 tribuit
2323 2951 2429 2993 hanc

73 3034 310 3081 orationem,
341 3038 388 3072 ut
415 3033 574 3083 primus
603 3032 806 3084 Taylorus
836 3032 861 3070 l.
891 3031 918 3071 l.
946 3045 984 3083 p.
1013 3030 1094 3071 695
1124 3043 1210 3082 squ.
1242 3024 1414 3082 Φέρεται
1442 3027 1488 3068 δὲ
1527 3027 1591 3066 καὶ
1628 3024 1748 3078 λόγος
1781 3039 1842 3072 τις
1879 3029 1975 3072 ete.‚
2012 3022 2084 3062 ubi
2124 3018 2205 3061 ὑπὸ
2246 3022 2424 3066 Φαίακο5
