2711 3418
1173 194 1224 240 14

213 306 358 347 Primo
384 319 453 346 me
477 305 594 346 idem·
608 304 808 353 offendit,
843 304 953 358 quod
985 303 1190 350 Heiorum
1211 304 1334 358 -quod
1371 304 1587 358 qui-hanc
1612 303 1867 349 oraticnem.
1887 302 2064 363 confecit
2096 313 2227 355 1188118
2246 300 2381 351 nihil.

22 379 172 420 saltem
199 377 308 419 nihil
335 377 437 419 certi
465 376 515 418 de
543 389 591 417 se
614 376 709 429 ipso
731 375 914 418 tradidit.
978 375 1125 418 Totam
1162 376 1433 427 perscruteris
1465 375 1720 424 »111-8110118111,
1763 386 1898 429 neque
1917 373 2159 429 ,quidquam
2181 372 2382 420 invenies,

18 461 144 504 quam
171 448 350 502 paucula
375 448 482 497 ista,
510 450 639 501 eaque
667 446 840 489 obscura
865 453 911 489 et
935 460 1043 500 vaga
1069 451 1111 487 et
1138 447 1300 496 11181118,
1329 460 1419 489 8888
1440 448 1530 499 jam
1555 451 1703 500 quater
1728 458 1820 486 esse
1846 447 1893 486 in
1914 448 1985 499 Jus
2013 449 2205 488 vocatum
2232 448 2276 485 et
2301 444 2379 496 cri-

16 522 142 570 mine,
170 533 254 574 quo
282 525 498 561 accusatus
526 524 637 560 88881
662 518 917 567 absolutum,
946 533 993 560 so
1028 532 1082 559 ex
1109 531 1157 560 88
1181 524 1305 571 geme
1333 524 1471 562 ortum
1498 528 1613 566 8888,
1647 519 1766 570 cnjus
1801 531 1925 560 1181110
1958 517 2098 561 adhuc
2120 515 2378 575 testularum

14 593 224 645 suffragiis
251 591 455 632 multatus
482 596 611 639 esset,
638 594 846 642 postremo
875 604 920 632 se
941 592 1031 643 jam
1057 591 1284 643 legationes
1311 591 1541 642 suscepisse
1568 591 1614 632 in
1639 590 1910 637 Ι18118111,111
1938 588 2126 635 Siciliam
2152 590 2226 635 etc»
2255 590 2315 627 81
2330 586 2377 631 111

12 665 143 705 variis
170 663 281 704 ludis
308 662 486 714 publicis
518 662 774 703 inclaruisse
827 662 929 705 Jnm
955 662 1082 705 habes
1111 663 1258 707 omnin
1314 662 1426 705 Num
1443 662 1649 707 credibile
1674 665 1755 710 881,
1783 660 1885 709 haec
1911 661 2140 709 suffecisse,
2167 658 2377 703 hominem

14 734 326 782 Atheniensem,
349 733 418 773 cui
434 733 575 774 decem
594 737 794 773 annorum
814 734 988 774 exilium
1014 733 1280 786 impenderet,
1308 734 1415 777 nihil
1441 734 1620 785 amplius
1639 733 1705 774 sui
1730 732 1976 778 defendendi
2002 743 2127 776 081188
2150 731 2375 775 allaturum

13 805 172 846 fiiisse?
226 804 356 845 Recte
383 803 559 857 quidem·
578 804 761 845 Meierus
789 804 907 845 dicit:
943 806 1017 856 »(51
1050 806 1143 856 108)
1169 805 1265 846 Non
1282 809 1403 848 -caret
1429 805 1584 847 veritas
1611 805 1721 845 notis
1748 805 1835 845 suis
1841 818 1852 854 ;
1882 804 1955 846 sed
1980 804 2106 852 118118,
2133 801 2270 849 verita.
2283 800 2372 841 801-

11 877 109 916 11081
134 887 189 917 118
216 876 487 915 convincatur
514 874 735 927 aliquando
773 875 881 916 lucis
909 875 1002 916 odio
1036 876 1228 916 abhorret
1262 876 1314 916 ab
1350 876 1461 917 notis
1495 876 1640 924 certis;
1676 876 1816 928 itaque
1851 881 1964 916 amat
2000 875 2224 921 sententias
2262 886 2371 916 coma

8 959 167 994 munes,
196 945 306 998 quod
332 946 378 985 111
405 958 549 985 earnm
574 945 723 987 umbra
749 946 880 986 latere
908 960 953 985 88
981 960 1101 997 110888
1129 951 1279 997 8118181,
1307 960 1440 999 neque
1467 946 1692 999 quidquam
1725 946 1860 997 mag-is
1895 946 2018 997 fug-it,
2058 957 2182 997 quam
2218 944 2265 985 111
2293 956 2371 992 eas

4 1031 74 1058 res
102 1015 340 1068 exspatiari,
369 1016 420 1056 de
448 1015 599 1069 quibus
626 1028 712 1063 11011
736 1016 836 1057 licet
862 1017 996 1059 dicere
1023 1017 1107 1058 nisi
1133 1017 1329 1059 interiore
1353 1022 1400 1059 et
1425 1018 1674 1059 accuratiore
1701 1021 1935 1068 temporum
1962 1016 2135 1057 scientia
2171 1014 2366 1057 imbuto-⁴⁶

8 1087 217 1129 Nimirum
257 1100 450 1128 accusare
492 1087 752 1129 Alcibiadem
802 1097 887 1129 11011
919 1102 1102 1141 ,magnae
1141 1093 1230 1129 erat
1270 1101 1417 1141 operae
1431 1119 1442 1138 ,
1493 1089 1609 1140 ouius
1650 1089 1873 1133 insolentia
1886 1118 1897 1136 ,
1946 1087 2159 1139 superbia,
2209 1099 2372 1127 morum

8 1160 227 1200 dissolutio
257 1160 378 1212 quasi
404 1160 450 1199 111
477 1160 664 1200 omnium
689 1173 761 1200 ore
788 1166 920 1208 esset,
948 1173 1232 1213 quemcunque
1259 1161 1389 1212 igitur
1415 1161 1561 1202 incidit
1587 1162 1676 1202 sive
1702 1162 1748 1201 111
1775 1164 2002 1208 oratorem,
2030 1159 2119 1201 sive
2152 1159 2200 1199 in
2233 1171 2373 1198 rerum

8 1231 251 1283 scriptorem
277 1230 441 1279 Noster,
470 1231 517 1270 in
544 1243 592 1271 eo
620 1232 722 1271 satis
749 1232 913 1273 invenit
939 1237 1276 1284 argumentorum
1303 1237 1447 1274 contra
1473 1233 1605 1281 illum,
1633 1246 1739 1287 quae
1766 1246 1851 1275 11011
1877 1244 1981 1289 opus
2008 1234 2119 1271 esset
2143 1230 2227 1270 nisi
2258 1228 2373 1274 colli-

5 1315 102 1355 gere
131 1306 174 1342 et
200 1302 501 1355 quodammodo
528 1303 640 1342 inter
664 1315 712 1342 se
739 1304 999 1355 conjungere,
1028 1308 1072 1346 at
1098 1304 1347 1356 vero-longe
1374 1305 1496 1345 aliter
1523 1318 1589 1345 res
1617 1318 1662 1345 se
1689 1304 1886 1352 habebat,
1915 1317 2043 1356 quum
2070 1303 2186 1353 cuius
2222 1314 2373 1343 nomen

4 1386 106 1424 prae
134 1386 179 1413 88
206 1374 335 1413 ferret
359 1373 570 1413 for-mnam
598 1387 746 1425 resque
774 1374 826 1413 ab
854 1388 903 1415 eo
931 1379 1043 1416 80188
1070 1375 1306 1425 prolaturus
1335 1381 1434 1418 erat.
1489 1376 1530 1416 N
1531 1389 1576 1418 ec
1614 1381 1824 1420 oratorum
1860 1388 1938 1415 1180
1976 1374 2222 1425 scriptorum
2259 1373 2372 1425 quis·

4 1456 131 1497 quam
158 1443 294 1486 multa
321 1443 372 1484 de
400 1444 474 1484 illo
502 1443 691 1491 habebat,
719 1443 820 1497 quid
847 1444 962 1485 aliud
988 1445 1117 1497 igitur
1143 1445 1302 1498 reliqui
1320 1445 1412 1495 fuit,
1439 1458 1564 1499 quam
1589 1451 1639 1487 ut
1665 1456 1902 1488 communes
1921 1444 2120 1498 quasdam
2140 1443 2369 1503 sententias

3 1515 182 1563 afferret,
211 1527 316 1568 quas
343 1515 483 1555 nescio
507 1528 590 1567 quo
616 1515 706 1556 loco
733 1515 961 1556 invenerat.
1017 1515 1164 1559 Nonne
1191 1517 1261 1559 vel
1288 1518 1448 1559 invitus
1475 1518 1551 1558 hac
1578 1531 1622 1558 18
1651 1518 1867 1569 sig-nificat,
1897 1515 2148 1561 accuratiora
2174 1518 2218 1555 et
2233 1514 2368 1555 minu-

1 1587 110 1628 tior·
135 1585 188 1627 de
215 1599 292 1626 suo
319 1590 481 1626 oratore
508 1598 554 1626 se
580 1586 719 1638 ipsum
745 1587 934 1627 nescire?

194 1672 334 1713 'Venio
362 1672 415 1712 ad
442 1673 557 1713 aliud
583 1672 732 1714 Meieri
759 1679 1073 1727 argumentum,
1101 1676 1211 1730 quod
1237 1673 1433 1729 magnam
1473 1677 1747 1728 suspicionem
1794 1675 1898 1716 mihi
1925 1670 2078 1723 movit,
2115 1678 2246 1714 totam
2279 1684 2369 1713 018-

1 1736 159 1785 tionem
186 1742 320 1784 multo
346 1748 443 1797 post
468 1744 575 1785 illud
603 1749 767 1797 tempus
795 1746 862 1786 cui
889 1746 1109 1788 tribuenda
1136 1752 1264 1797 esset,
1286 1748 1519 1790 confectam
1555 1759 1656 1788 esse.
1721 1746 1873 1789 Orator
1904 1749 2155 1799 personatus·
2184 1747 2215 1798 ς.
2253 1744 2280 1784 6
2316 1744 2366 1809 de

0 1814 242 1855 ostracis'mo
271 1814 439 1855 disserit
464 1815 586 1856 haec:
604 1813 751 1865 ’Ἄξιον
783 1815 830 1854 δὲ
856 1814 1105 1871 μέμψασθαι
1132 1818 1204 1858 τὸν
1229 1811 1358 1858 θέντα
1384 1818 1458 1858 τὸν
1484 1818 1627 1868 νόμον,
1656 1815 1704 1866 ὃς
1731 1817 1892 1858 ἐναντία
1916 1819 1977 1868 ’τῷ
2004 1812 2113 1868 ὅρκῳ
2138 1812 2213 1855 τοῦ
2240 1813 2372 1868 δῆμόν

0 1886 68 1924 καὶ
92 1887 167 1938 τῆς
191 1885 343 1938 βουλῆς
371 1883 668 1939 ἐνομοθέτησεν
685 1885 770 1926 ἐκεῖ
792 1888 867 1936 μὲν
894 1888 972 1941 γὰρ
1000 1886 1146 1938 ὄμνυτε
1171 1888 1329 1942 μηδένα
1365 1890 1469 1944 μήτε
1507 1887 1645 1938 ἐξελᾶν
1682 1890 1784 1943 μήτε
1824 1884 1965 1943 δήσειν
1999 1887 2101 1942 μήτε
2139 1883 2371 1927 ἀποκτενεῖν

0 1954 182 2009 ἄκριτον,
211 1953 256 1996 ἐν
284 1955 332 1996 δὲ
357 1957 466 2009 τῷδε
492 1960 553 2009 τῷ
579 1955 706 2011 nater?
734 1956 829 1999 οὔτε
858 1959 1101 2012 κατηγορίας
1126 1957 1339 2015 γενομένης
1356 1959 1451 2003 οὕτε
1470 1958 1688 2013 ἀπολογίας
1706 1957 1985 2014 ἀποδοθείσης
2005 1953 2372 2014 διαψηφισαμένων

0 2026 178 2088 κρύβδην
203 2024 278 2068 τὸν
305 2023 631 2082 ὅστρακισθέντα
656 2024 856 2073 τοσοῦτον
882 2028 1028 2086 χρόνον
1066 2031 1133 2074 δεῖ
1169 2035 1416 2090 στερηθῆναι
1443 2035 1516 2089 τῆς
1532 2031 1698 2082 πόλεως.
1752 2033 1885 2076 Docet
1911 2032 2041 2086 igitur
2067 2033 2204 2073 orator
2230 2033 2371 2071 noster

0 2098 219 2148 auditores,
249 2111 375 2154 quam
402 2101 601 2143 vitiosum
624 2102 686 2144 sit
711 2103 818 2144 iuud
845 2101 1087 2146 institutum
1114 2106 1364 2156 ostracismi,
1404 2106 1512 2161 quod
1549 2105 1753 2159 mpugnet
1783 2105 2044 2159 jurijurando
2072 2108 2115 2144 et
2149 2103 2292 2154 populi
2326 2106 2369 2140 et

0 2175 180 2219 senatus,
210 2171 283 2224 qui
297 2181 427 2225 quum
447 2174 716 2225 juravissent,
745 2188 958 2229 nunquam
977 2190 1022 2217 se
1039 2178 1226 2217 inaudita
1243 2191 1289 2218 re
1308 2190 1557 2231 quemquam
1579 2180 1792 2218 vincturos
1820 2184 1893 2218 aut
1921 2177 2122 2228 supplicio
2151 2175 2367 2214 effecturos

0 2252 102 2291 esse,
125 2245 267 2306 tamen
285 2255 362 2284 nec
380 2238 598 2286 accusandi
614 2260 691 2287 nec
712 2259 880 2288 causam
899 2247 1060 2289 dicendi
1076 2237 1179 2289 'data
1191 2252 1396 2302 potestate
1411 2250 1666 2293 clandestino
1681 2251 1876 2303 sum-agio
1890 2250 2072 2303 aliquem
2086 2247 2225 2289 decem
2239 2252 2366 2286 anno·

0 2324 92 2355 rum
120 2313 246 2355 exilio
273 2316 494 2357 multaturi
522 2322 671 2358 essent.
722 2318 838 2360 Idem
853 2320 963 2360 infra
977 2320 1006 2371 ξ.
1034 2324 1084 2362 25
1108 2323 1263 2375 pergit:
1291 2319 1463 2376 ἡγοῦμαι
1479 2321 1516 2361 δ’
1533 2318 1661 2363 αὐτὸν
1677 2320 1781 2376 πρὸς
1798 2322 1924 2363 τοῦτο
1941 2320 2014 2371 μὲν
2036 2312 2155 2360 οῦδὲν
2175 2313 2367 2371 ἀντερεῖν,

0 2382 126 2433 λέξειν
146 2382 193 2424 δὲ
205 2385 301 2439 περῖ
311 2388 384 2440 τῆς
401 2386 512 2441 νίκης
527 2384 609 2442 τῆξ
624 2388 866 2438 Ολυμπίασι,
897 2390 964 2429 καὶ
975 2392 1068 2441 περὶ
1091 2391 1253 2432 πάντων
1278 2392 1433 2443 μᾶλλον
1460 2388 1490 2447 ἢ
1505 2396 1584 2432 τῶν
1605 2391 1976 2448 κατηγορηθέντων,
2004 2391 2201 2444 praedicit
2228 2391 2368 2443 igitur,

0 2454 282 2497 adversarium
300 2470 424 2499 suum
436 2462 641 2520 potestate
657 2457 802 2501 causae
821 2462 1016 2503 dicendae
1034 2463 1141 2513 data,
1159 2478 1243 2505 non
1261 2475 1557 2516 responsurum
1571 2479 1661 2506 esse
1675 2465 1727 2506 ad
1749 2465 2061 2511 accusationem,
2082 2463 2154 2504 sed
2173 2463 2273 2503 haec
2290 2462 2366 2502 1118

0 2527 223 2568 allaturum
252 2528 332 2569 sibi
360 2530 503 2571 νίᾶ81ἱζ
559 2531 658 2572 Jam
686 2533 788 2573 satis
815 2532 958 2583 habeo,
986 2537 1132 2577 omitto
1160 2536 1362 2589 quaedam
1397 2537 1490 2584 alia,
1519 2550 1624 2590 quae
1649 2539 1808 2579 leviora
1841 2536 1945 2577 mihi
1982 2535 2186 2576 videntur.
2251 2532 2366 2575 Haeo

0 2600 137 2638 omnia
165 2603 304 2640 autem
333 2601 511 2642 arbitror
539 2604 745 2645 rhetorem
774 2592 954 2658 aliquem
983 2609 1210 2648 orationem
1249 2609 1337 2648 sive
1374 2609 1625 2649 exercitandi
1663 2611 1751 2650 sive
1790 2606 2007 2650 fraudandi
2044 2619 2167 2646 causa
2204 2615 2365 2655 compo-

0 2652 165 2712 nentem
193 2672 312 2713 nullo
339 2674 644 2718 contradicente
671 2676 850 2719 scribere
878 2678 1073 2731 potuisse,
1102 2683 1391 2721 verumtamen
1418 2679 1595 2722 Athenis
1623 2681 1668 2722 in
1695 2681 1795 2731 foro,
1824 2693 1962 2723 coram
2000 2678 2150 2744 populo
2189 2677 2242 2718 si
2263 2675 2366 2716 talia

0 2743 218 2797 quisquam
236 2744 452 2795 effutisoet,
482 2746 760 2791 Athenienses
778 2751 912 2803 capita
931 2762 1007 2792 sua
1025 2755 1292 2805 quassaturos
1320 2752 1448 2793 fuisse
1477 2755 1631 2806 opinor.
1687 2754 1846 2795 Audire
1864 2752 1968 2797 mihi
1996 2740 2137 2791 videor
2163 2749 2364 2790 mirantes

0 2814 337 2868 sciscitantesque
364 2818 477 2857 inter
504 2824 569 2867 se,
597 2822 702 2872 quae
730 2820 797 2860 hic
823 2822 943 2862 nobis
965 2824 1214 2874 juramenta,
1243 2824 1407 2864 cuinam
1434 2824 1601 2865 tandem
1622 2827 1787 2877 jurasse
1814 2839 1890 2886 nos
1917 2824 2074 2863 insanit
2090 2823 2199 2863 iste?
2243 2818 2365 2869 Quod

0 2890 64 2925 est
90 2886 197 2926 illud
224 2888 369 2939 populi
398 2894 648 2949 senatusque
669 2892 975 2943 jusjurandum,
1004 2895 1104 2947 quid
1132 2895 1319 2947 queritur
1347 2895 1426 2935 sibi
1453 2910 1537 2936 non
1564 2897 1702 2937 datam
1732 2911 1822 2938 esse
1855 2897 2102 2949 potestatem
2138 2898 2212 2933 aut
2247 2902 2364 2931 accu-

0 2955 119 2997 sandi
147 2962 221 2998 aut
246 2957 504 3009 defendendi,
534 2964 677 3023 quum
691 2963 733 3003 et
759 2963 849 3015 ipse
876 2963 1135 3006 Alcibiadem
1161 2964 1524 3008 vehementissime
1551 2973 1715 3010 accuset
1741 2975 1793 3019 et,
1823 2965 2024 3023 quomodo
2051 2966 2123 3007 ille
2147 2978 2196 3007 88
2224 2971 2362 3014 deflen-
