2711 3418
1381 223 1404 260 8

185 325 319 366 tiones
348 324 513 365 demum
541 330 635 376 post
663 339 827 366 causam
856 327 908 366 ob
935 328 1147 368 mutilatos
1175 329 1352 368 Hermas
1382 334 1526 375 actam,
1556 328 1581 367 i.
1611 341 1643 367 e.
1672 333 1766 379 post
1799 341 1953 368 annum
1990 332 2067 369 415
2107 329 2270 377 fecisse3
2307 327 2377 378 qui
2411 327 2538 378 igitur

186 409 257 437 eas
285 410 526 437 enumerare
553 398 689 448 potuit
709 398 797 448 jam
831 399 964 438 hieme
994 399 1285 440 antecedente?

381 468 411 509 J
413 482 479 508 am
516 468 817 510 Valckenarius
857 484 1016 522 quoque
1053 471 1173 511 illum
1209 470 1405 511 Moeridis
1444 475 1485 510 et
1520 470 1856 522 Harpocrationis
1895 471 2030 511 locum
2069 471 2230 521 laudat,
2269 471 2317 512 de
2352 483 2431 522 quo
2453 470 2540 521 ι111111

188 551 312 589 supra
339 539 437 577 dixi.

382 609 544 650 Deinde
573 612 771 662 quosdam
800 613 910 652 locos
939 614 1081 653 laudat
1098 610 1397 653 Valckenarius
1427 627 1526 664 quos
1556 614 1795 663 cujusquam
1814 613 1897 652 nisi
1922 613 2146 654 Andocidis
2165 629 2253 654 esse
2270 628 2388 666 posse
2406 616 2541 663 negat,

186 681 304 720 velut
344 683 373 732 ξ.
415 685 450 720 2.
493 681 696 732 μεγίστοις
743 681 1025 736 περιπέπτωκα
1066 685 1282 731 κινδύνοις,
1323 684 1545 736 προθύμων
1580 683 1653 732 μὲν
1690 684 1755 721 καί
1793 679 1959 733 ἀγαθῶν
1996 681 2151 737 ἀνδρῶν
2186 684 2294 734 ὑμῶν
2330 684 2540 734 τυγχάνων,

189 749 331 804 διόπερ
359 750 563 802 σώζομαι,
592 753 797 803 πλείστοις
827 755 872 795 δὲ
892 756 956 795 καὶ
974 755 1219 804 δεινοτάτοις
1239 753 1400 806 ἐχθροῖς
1417 753 1628 807 χρώμενος,
1657 751 1726 807 ὑφ’
1746 748 1801 793 ὦν
1822 753 2103 806 διαβάλλομαι.
2150 756 2233 797 Sed
2251 756 2358 796 dicat
2380 755 2540 808 aliquis,

188 836 260 862 cur
288 823 455 863 tandem
485 825 720 866 Andocides
750 828 861 866 solus
890 828 989 867 haec
1016 828 1142 867 verba
1171 829 1313 872 facero,
1329 828 1534 877 potuerit?
1563 839 1698 865 nonne
1728 827 1818 864 fieri
1846 827 2001 876 potuit,
2033 833 2078 865 ut
2107 829 2248 866 eadem
2276 828 2443 865 Phacax
2482 826 2542 864 (11-

187 900 307 941 ceret,
337 896 406 935 vel
435 896 576 935 rhetor
604 898 866 948 aliquis,›qui
895 903 1058 948 postero
1090 904 1267 948 tem-pore
1296 898 1488 945 oratione,
1519 911 1621 948 quae
1644 897 1860 937 etiamtum
1881 904 2104 948 supererat,
2131 898 2333 946 utebatur,
2363 903 2410 936 ut
2427 910 2542 936 exer-

187 964 341 1008 cit-andi
385 978 509 1008 causa
555 967 680 1008 aliam
725 968 1028 1010 conscriberet?
1102 968 1307 1009 Nimirum
1353 981 1521 1022 prorsus
1563 969 1810 1022 generalitor
1856 968 1959 1007 mihi
1996 969 2095 1008 haec
2137 970 2274 1008 omnia
2308 969 2415 1008 dicta
2453 980 2542 1006 esse

189 1037 396 1086 videntur,
427 1043 469 1077 et
497 1040 758 1090 quod'noster
778 1046 914 1079 orator
942 1043 1145 1092 queritur,
1176 1042 1284 1080 idem
1302 1042 1478 1079 Athenis
1498 1053 1709 1090 nunquam
1729 1053 1812 1078 non
1831 1041 1962 1078 cuivis
1981 1043 2161 1090 experiri
2179 1042 2337 1080 licebat.
2385 1040 2545 1079 Deinde

187 1110 388 1159 quaedam
425 1112 507 1148 alia
541 1112 697 1162 profert
731 1113 1045 1160 Valckenarius,
1081 1115 1198 1151 velut
1235 1115 1263 1163 §.
1295 1117 1329 1151 2.
1367 1112 1550 1163 τετράκις
1578 1108 1870 1160 ἇγιιινιζόμενος
1912 1107 2118 1162 ἆπὲφυγον
2158 1114 2187 1162 ξ.
2216 1113 2268 1150 35
2305 1110 2382 1161 ἐγώ
2414 1111 2546 1149 τοίνυν

189 1176 231 1217 ἕν
259 1194 304 1218 τε
332 1184 391 1230 τῷ
420 1184 539 1230 κοινῷ
567 1178 748 1232 κέκριμαι
775 1183 980 1233 τετράκις,
1024 1183 1110 1229 ἰδίᾳ
1155 1197 1193 1220 τε
1225 1178 1371 1221 οὗδὲνα
1400 1181 1622 1221 διεκώλυσα
1652 1181 1893 1229 δικάζεσθαι
1930 1180 2199 1230 βουλόμενον·
2229 1183 2402 1233 denique
2431 1184 2460 1233 ξ.
2492 1185 2542 1222 36

185 1249 427 1297 τοσαυτάκις
455 1247 746 1302 ἀγωνιζόμενος
775 1251 938 1300 δικαίαις
967 1253 1032 1292 καί
1059 1251 1223 1306 νικήσας
1239 1258 1312 1293 etc.
1360 1252 1427 1293 Ad
1446 1252 1545 1292 haec
1564 1252 1865 1292 Valckenarius
1886 1252 1992 1304 quod
2013 1253 2132 1293 valde
2152 1253 2277 1294 miror
2296 1253 2422 1293 addit:
2453 1265 2540 1293 sae·

186 1322 288 1374 pius¹
309 1329 543 1365 accusatum
573 1324 826 1364 Andocidem
856 1337 908 1364 ex
936 1325 1067 1376 ipsius
1096 1324 1348 1365 orationibus
1377 1329 1547 1373 constat,
1577 1324 1628 1364 ob
1657 1324 1834 1364 Hermas
1864 1324 2051 1376 dejectos,
2081 1325 2131 1364 ob
2161 1325 2321 1365 Cereris
2350 1326 2547 1377 mysteria

187 1394 367 1446 vulgata,
397 1394 448 1434 ob
477 1394 655 1435 reditum
683 1396 727 1435 in
755 1396 920 1447 templa.
990 1395 1106 1446 Quae
1135 1397 1272 1437 omnia
1310 1396 1368 1435 ita
1409 1409 1452 1436 se
1488 1396 1637 1435 habere
1679 1396 1770 1447 quis
1806 1401 1946 1448 neget,
1984 1396 2055 1435 sed
2094 1397 2219 1436 miror
2255 1398 2374 1436 illum
2410 1397 2548 1437 virum

187 1465 470 1506 doctissimum
498 1467 770 1518 praeteriisse,
800 1480 942 1507 omnes
962 1481 1030 1507 eas
1059 1481 1214 1515 causas,
1244 1480 1344 1519 quas
1374 1467 1440 1506 hie
1459 1467 1674 1506 evincendi
1694 1467 1918 1505 Andocidis
1939 1480 2061 1506 causa
2080 1473 2376 1515 commemorat,
2405 1474 2548 1518 postea

189 1544 301 1575 actas
320 1551 420 1583 esse,
446 1538 585 1587 itaque
604 1539 793 1577 omnibus
814 1540 878 1577 his
900 1541 1155 1589 argumentis
1177 1554 1198 1577 e
1215 1540 1416 1577 contrario
1434 1540 1568 1577 evinci
1587 1539 1841 1577 Andocidem
1861 1539 1965 1577 hane
1985 1541 2209 1578 orationem
2228 1554 2326 1579 11011
2344 1540 2547 1578 habuisse.

392 1609 574 1648 Transeo
613 1609 663 1648 ad
692 1610 820 1649 alium
857 1610 1126 1650 Valckenarii
1154 1610 1304 1650 locum:
1333 1609 1565 1649 Andocides
1595 1610 1653 1649 ait
1681 1623 1723 1650 se
1752 1609 1945 1650 habuisse
1981 1608 2258 1651 validissimos
2296 1614 2549 1651 accusatores

187 1679 252 1718 καί
280 1676 406 1730 λέγειν
434 1679 498 1718 καὶ
526 1678 740 1731 πράσσειν,
770 1679 913 1727 οἵτινες
943 1679 1019 1720 δύο
1047 1682 1126 1719 τιῦν
1153 1679 1225 1733 τὴν
1253 1676 1376 1733 αὐτὴν
1404 1677 1493 1730 ἐμοὶ
1522 1679 1656 1719 αἰτίαν
1691 1677 1863 1729 ἐχόντων
1891 1677 2145 1727 ἀπέκτειναν,
2175 1680 2281 1732 (111οᾱ
2309 1694 2387 1733 (1110
2424 1681 2549 1733 perti-

186 1757 304 1790 neret
346 1752 554 1790 neminem
597 1751 727 1790 adhue
770 1752 911 1791 inveni
946 1753 1017 1803 qui
1056 1752 1347 1803 explicaverit3
1389 1765 1487 1790 nam
1526 1765 1629 1803 quae
1672 1753 1874 1803 'Paylorus
1914 1758 1956 1792 et
1993 1753 2172 1791 Vaterus
2199 1752 2248 1791 de
2276 1753 2350 1791 hac
2383 1766 2427 1791 re
2455 1766 2547 1804 pro-

188 1822 392 1870 tulerunt,
423 1823 474 1862 iis
504 1823 698 1862 assentiri
735 1837 818 1863 non
855 1837 1034 1874 possum.
1102 1822 1295 1863 Ceterum
1331 1826 1445 1873 patet
1482 1836 1565 1862 uno
1600 1823 1800 1874 ejusmodi
1827 1824 1915 1863 loco
1944 1823 2115 1863 obscuro
2144 1836 2274 1874 neque
2310 1824 2443 1863 evinci
2470 1836 2545 1863 nec

186 1894 357 1934 refutari
387 1894 609 1945 quidquam
637 1906 769 1945 posse,
798 1895 1041 1945 praesertim
1070 1907 1198 1945 quum
1225 1907 1299 1933 nec
1326 1906 1476 1933 nomen
1503 1907 1578 1933 nec
1606 1894 1719 1933 aliud
1747 1894 1970 1946 quidquam
1999 1894 2206 1946 proditum
2234 1895 2288 1933 sit
2316 1908 2394 1946 quo
2431 1908 2546 1934 aceu-

187 1966 318 2005 ratius
347 1965 444 2017 quid
474 1970 631 2016 spectet
658 1970 795 2005 orator
823 1966 1036 2017 significet.
1094 1963 1198 2015 Quis
1227 1979 1308 2005 non
1340 1965 1451 2005 videt
1479 1965 1561 2005 tale
1590 1965 1687 2017 quid
1730 1966 1955 2017 quemlibet
1983 1966 2217 2017 loquentem
2244 1965 2382 2006 induci
2412 1979 2543 2018 posse.

188 2038 327 2089 Atque
357 2051 405 2077 ea
433 2039 522 2089 ipsa
542 2037 702 2077 dicendi
719 2038 835 2084 ratio,
866 2037 973 2088 quod
992 2051 1117 2088 supra
1129 2038 1217 2088 jam
1237 2037 1365 2088 attigi,
1396 2050 1476 2087 qua
1496 2051 1666 2088 semper,
1697 2037 1869 2077 simulac
1899 2037 1948 2077 de
1978 2051 2020 2077 se
2050 2050 2203 2088 suaque
2219 2037 2383 2077 fortuna
2409 2043 2545 2078 orator

188 2115 480 2149 commemorat
508 2110 639 2148 obiter
667 2116 708 2149 et
737 2110 986 2160 generaliter
1014 2110 1208 2159 loquitur,
1238 2109 1490 2159 permultum
1533 2109 1776 2159 suspicionis
1804 2109 1908 2148 mihi
1938 2109 2090 2148 attulit.
2147 2106 2229 2148 Sed
2258 2108 2306 2149 de
2340 2109 2404 2149 his
2440 2109 2548 2150 infra

187 2181 319 2233 plura.
355 2180 423 2221 ⁴Id
452 2180 617 2233 quidem
645 2180 739 2229 stat,
770 2179 1025 2221 Andocidem
1055 2180 1190 2222 solum
1219 2179 1294 2221 hoc
1322 2179 1371 2221 de
1400 2193 1444 2221 00
1480 2179 1712 2232 praedicare
1753 2181 1937 2232 potuisse
1976 2180 2183 2221 neminem
2219 2193 2401 2232 unquam
2438 2194 2545 2222 oom-

185 2252 455 2304 probaturum
484 2265 585 2292 esse.
640 2271 642 2275 v

379 2324 596 2364 Postremo
628 2323 926 2363 Valckenarius
956 2323 1099 2363 laudat
1125 2325 1155 2375 §.
1188 2326 1237 2363 22
1268 2325 1346 2361 τῶν
1372 2318 1470 2361 νέων
1498 2320 1542 2360 αἱ
1569 2321 1774 2375 διατριβαὶ
1802 2318 1873 2362 οὔκ
1902 2319 1944 2362 ἐν
1971 2324 2058 2368 τοῖς
2085 2321 2339 2372 γυμνασίοις,
2379 2318 2464 2362 ἀλλ’
2504 2319 2547 2362 ἓν

184 2396 269 2441 τοῖς
299 2394 573 2448 δικαστηρίοις
601 2393 701 2439 εἶσί,
731 2396 795 2433 καὶ
823 2394 1110 2443 στρατεύονται
1139 2392 1212 2443 μὲν
1240 2391 1281 2432 οἱ
1306 2392 1592 2446 πρεσβύτεροι,
1623 2393 1894 2446 δημηγοροῦσι
1915 2393 1961 2432 δὲ
1981 2391 2024 2432 οἱ
2038 2392 2233 2445 νεώτεροι.
2276 2395 2365 2435 Ηο0
2383 2408 2543 2447 (1110(1110

183 2468 228 2506 111
256 2466 511 2507 Andocidem
540 2466 684 2506 cadere
712 2467 780 2513 ait,
812 2480 895 2505 non
929 2467 973 2505 in
992 2466 1222 2505 Phaeaeem
1249 2466 1318 2516 qui
1345 2470 1389 2505 et
1416 2465 1504 2516 ipse
1532 2465 1576 2504 in
1604 2478 1775 2505 numero
1797 2465 2011 2516 juniorum
2038 2464 2249 2504 habendus
2278 2466 2342 2504 sit.
2398 2466 2449 2506 Id
2467 2467 2546 2506 etsi

183 2539 226 2577 in
254 2538 485 2579 Phaeaeem
513 2538 680 2578 omnino
710 2552 792 2577 non
821 2537 963 2577 cadere
992 2537 1177 2585 concedo,
1208 2542 1346 2576 tamen
1375 2537 1424 2576 de
1453 2542 1616 2576 auctore
1645 2537 1841 2576 orationis
1870 2536 1976 2575 nihil
2017 2535 2113 2575 inde
2151 2540 2274 2586 patet.
2344 2535 2544 2589 Quisquis

182 2611 293 2649 enim
321 2611 548 2649 orationem
576 2610 677 2660 legit
706 2623 828 2660 quam
858 2609 1041 2648 habitam
1070 2622 1159 2648 esse
1189 2613 1330 2648 contra
1358 2607 1616 2647 Alcibiadem
1643 2621 1667 2646 a
1694 2607 1812 2647 Nicia
1841 2606 2101 2659 Thucydides
2129 2607 2265 2655 tradit,
2293 2608 2329 2648 is
2351 2609 2544 2660 perfacile

183 2680 391 2732 intelliget
416 2686 506 2720 tum
528 2680 715 2731 juniores
746 2681 834 2719 sive
863 2679 1047 2718 bellandi
1075 2678 1243 2730 cupidos
1264 2684 1305 2718 et
1324 2679 1504 2718 seniores
1523 2679 1610 2718 sive
1629 2680 1740 2729 pacis
1756 2684 1977 2719 sectatores
1997 2678 2114 2728 quasi
2135 2678 2403 2719 obstrectasse
2430 2680 2540 2719 inter

180 2764 227 2791 se
253 2764 424 2803 eamque
452 2752 790 2791 obtrectationem
818 2751 863 2789 in
891 2751 1076 2789 omnium
1103 2763 1172 2789 ore
1206 2751 1333 2789 fuisse
1369 2750 1632 2801 omniumque
1661 2750 1798 2789 studia
1832 2750 2025 2795 tenuisse,
2066 2749 2125 2787 ita
2163 2754 2210 2788 ut
2246 2763 2331 2789 non
2366 2763 2544 2802 magnae

178 2830 289 2863 esset
316 2823 559 2875 prudentiae
588 2828 694 2863 tecte
722 2823 772 2862 de
801 2822 866 2861 his
893 2822 1016 2862 rebus
1046 2822 1278 2873 significare
1308 2822 1342 2861 si
1372 2822 1465 2872 quis
1494 2822 1720 2861 orationem
1747 2825 2009 2873 componeret
2037 2833 2160 2871 quam
2187 2821 2231 2860 in
2258 2822 2332 2862 illo
2359 2827 2542 2874 tempore

180 2896 454 2935 collocaturus
483 2901 603 2935 esset.

361 2966 442 3005 ‘Ex
478 2967 542 3007 his
581 2966 773 3015 omnibus
815 2966 937 3007 rebus
969 2968 1058 3019 jam
1097 2967 1198 3007 satis
1238 2965 1337 3007 haec
1373 2979 1569 3017 apparere
1606 2964 1816 3007 videntur:
1864 2964 1978 3006 Haec
2013 2964 2142 3005 oratio
2180 2965 2368 3016 ponenda
2405 2971 2469 3008 est
2494 2966 2540 3007 in

176 3039 311 3083 hieme
340 3040 439 3081 011111
468 3043 566 3089 415,
597 3039 712 3081 circa
729 3038 839 3092 quod
878 3044 1042 3092 tempus
1081 3039 1367 3081 ostracismum
1403 3037 1592 3079 habitum
1630 3051 1720 3080 esse
1757 3039 1866 3080 inter
1900 3049 2042 3078 omnes
2078 3041 2257 3088 constat,
2296 3038 2416 3094 (num
2450 3039 2540 3093 ipso
