2711 3418
1357 208 1403 247 11

207 320 281 360 pro
318 304 384 346 καὶ
423 305 601 357 Φαίακος
635 324 686 351 ex
735 311 889 353 Aldina
924 327 949 354 a
985 314 1161 368 Γ1111111010
1207 315 1445 356 restitutum
1491 317 1592 355 est.“
1654 312 1764 353 Hinc
1812 312 1876 353 illi
1920 313 2116 365 conjicere
2171 326 2213 353 sc
2242 326 2361 365 posse
2407 315 2550 357 existi-

206 383 342 428 mant,
378 379 647 423 Plutarchum
689 388 730 424 et
757 386 981 426 orationem
1008 387 1140 439 ipsam
1168 388 1406 440 cognovisse
1434 391 1476 426 et
1503 386 1679 425 Phacaci
1717 385 1964 425 attribuisse.
2032 384 2158 424 Recte
2193 392 2466 436 reposuerunt
2499 389 2552 428 iis

206 450 483 492 Ruhnkenius
521 458 563 493 et
589 454 910 506 Valckenarius,
953 459 1195 499 concordare
1223 461 1318 499 illos
1345 461 1452 499 locos
1483 459 1634 504 videri,
1677 471 1720 496 rc
1760 471 1857 497 vera
1900 458 2138 508 discrepare.
2213 457 2295 496 Sed
2335 465 2377 497 et
2404 459 2551 499 Ruhn-

205 522 354 563 kenius
396 530 438 564 et
478 526 777 567 Valckenarius
819 530 895 569 hac
935 531 979 570 in
1023 546 1067 571 re
1114 545 1272 571 errasse
1309 532 1523 578 videntur,
1576 530 1723 580 quippe
1762 530 1832 580 qui
1875 529 2000 568 verba
2037 530 2159 568 nimis
2200 538 2455 580 premerent,
2486 534 2550 572 ul-

205 594 289 635 lam
330 596 495 637 omnino
545 598 654 638 inter
710 606 891 641 nostram
942 603 1167 644 orationem
1210 608 1251 643 et
1291 602 1503 643 Plutarchi
1541 601 1666 641 verba
1715 600 1965 640 intercedere
2014 601 2256 641 affinitatem
2307 603 2547 652 infitiantes‚

206 677 330 716 quam
371 679 460 707 esse
502 669 591 709 sine
632 670 718 709 ulla
760 671 1013 714 dubitatione
1053 674 1270 714 concedere
1312 686 1538 725 possumus.
1608 673 1737 711 Locos
1779 686 1880 723 quos
1923 673 2014 722 quis
2061 673 2199 711 laudat
2234 687 2353 713 nemo
2390 676 2549 715 obtine-

204 737 266 776 bit
303 751 463 789 semper
500 741 552 779 ad
579 741 751 781 verbum
779 743 1063 784 describendos
1091 759 1192 792 esse,
1220 746 1342 796 idque
1369 746 1434 783 hic
1463 758 1510 783 00
1538 746 1687 789 111111115,
1716 758 1842 794 (11111111
1869 744 1916 789 15,
1947 744 2017 793 (1111
2045 744 2195 790 laudat,
2224 745 2311 794 11150
2331 747 2548 796 significet,

205 821 248 847 se
277 809 428 848 librum
457 825 539 850 non
568 813 704 862 ipsum
733 815 973 864 inspexisse,
1003 817 1074 856 sed
1103 818 1201 868 quid
1238 819 1281 856 in
1320 831 1366 856 eo
1400 822 1509 856 esset
1544 817 1595 854 ab
1629 817 1721 854 aliis
1758 817 1971 865 accepisse.
2037 815 2126 853 Hoc
2160 815 2407 856 Plutarchus
2447 820 2549 858 satis

204 885 343 931 aperte
371 882 502 923 facere
530 883 632 924 mihi
661 885 833 926 videtur.
891 886 1011 936 Quod
1039 889 1075 928 si
1103 890 1161 928 ita
1189 904 1278 929 0550
1308 889 1571 929 statuerimus
1599 887 1717 927 facile
1753 886 2031 933 concedemus,
2061 885 2329 928 Plutarchum
2366 888 2547 940 aliquam

204 952 476 1004 cognitionem
504 953 696 996 habuisse
715 958 921 1008 orationis,
952 971 1074 1011 quam
1093 959 1268 1000 Phaeaci
1288 959 1525 1007 tribuerent,
1556 959 1599 998 in
1628 971 1707 1010 qua
1735 959 1842 998 inter
1869 958 1950 997 alia
1979 948 2209 996 traderetur
2236 957 2339 998 illud
2367 960 2547 1000 insolen-

204 1024 285 1063 tiae
314 1024 612 1076 documentum,
642 1028 749 1081 quod
778 1030 1003 1071 Alcibiadis
1033 1031 1251 1083 aliquando
1267 1031 1484 1085 Olympiae
1512 1031 1556 1070 111
1585 1044 1679 1070 51105
1708 1031 1816 1069 cives
1845 1030 2038 1068 ediderat.
2085 1028 2194 1078 Quid
2214 1031 2389 1080 amplius
2410 1040 2549 1073 autem

203 1096 297 1135 inde
327 1098 546 1146 redundat,
576 1113 698 1152 quam
727 1104 936 1142 exstitisse
959 1106 1047 1155 jam
1075 1105 1290 1143 Plutarchi
1318 1104 1569 1154 temporibus
1609 1104 1832 1141 orationem
1868 1103 2066 1153 aliquam,
2103 1115 2225 1153 quam
2263 1116 2390 1153 quum
2427 1119 2547 1145 nemo

202 1174 310 1208 certe
339 1172 461 1210 sciret
488 1174 603 1222 cujus
633 1180 751 1222 esset,
781 1177 852 1214 alii
880 1176 1056 1215 Phaeaei
1085 1178 1156 1216 alii
1185 1177 1385 1216 Andocidi
1413 1177 1653 1221 tribuerent,
1682 1175 1818 1214 neutri
1846 1180 1984 1213 tamen
2013 1175 2136 1213 certis
2165 1176 2415 1225 argumentis
2455 1192 2547 1227 pro-

203 1239 298 1279 bare
327 1248 504 1291 possent.
561 1244 830 1284 Plutarchum
857 1247 993 1297 ipsum
1021 1250 1246 1287 orationem
1273 1249 1502 1298 inspexisse
1531 1247 1689 1297 negavi,
1720 1245 1789 1285 sed
1818 1246 1866 1284 de
1895 1246 1970 1283 hac
1999 1258 2042 1283 re
2071 1258 2153 1284 non
2192 1246 2250 1284 ita
2291 1248 2420 1286 multo
2456 1254 2549 1298 post

201 1313 488 1363 explicandum
516 1316 611 1364 erit;
639 1322 734 1356 utut
761 1324 898 1357 autem
925 1333 990 1359 res
1019 1333 1062 1358 se
1090 1320 1223 1367 habet,
1252 1320 1293 1359 id
1321 1319 1585 1358 manifestum
1612 1325 1695 1365 est,
1723 1318 1758 1356 si
1785 1317 1852 1357 vel
1881 1316 2061 1356 maxime
2089 1317 2355 1357 concedamus
2382 1318 2548 1359 Plutar-

200 1384 323 1424 chum
349 1385 424 1424 illa
452 1385 669 1438 Olympica
697 1402 749 1427 ex
776 1393 917 1428 nostra
945 1392 1126 1430 oratione
1155 1392 1391 1442 sumpsisse,
1420 1396 1560 1430 tamen
1588 1389 1683 1429 inde
1711 1390 1877 1428 minime
1907 1389 2052 1438 conjici
2071 1394 2217 1438 potest,
2246 1389 2353 1441 quod
2373 1390 2549 1442 Tayloro

203 1457 340 1497 visum
367 1463 442 1506 est,
470 1459 575 1499 hanc
602 1462 826 1501 orationem
855 1475 879 1501 a
905 1462 1091 1503 Phaeace
1119 1477 1209 1503 esse
1238 1465 1440 1515 scriptam.

395 1530 544 1571 Restat
561 1537 609 1571 ut
627 1532 675 1572 de
695 1548 777 1573 una
797 1548 840 1574 re
868 1549 1048 1585 agamus.
1103 1534 1253 1575 Orator
1280 1535 1465 1587 quisquis
1492 1535 1565 1574 ille
1592 1540 1656 1574 est
1684 1533 1759 1573 sub
1788 1533 1912 1572 finem
1940 1531 2136 1571 orationis
2166 1532 2194 1582 ξ.
2225 1532 2275 1571 41
2306 1532 2403 1573 dicit
2431 1534 2547 1576 haec:

200 1599 401 1651 βούλομαι
430 1601 466 1641 δ’
494 1599 598 1652 ὑμᾶς
625 1599 849 1658 ἀναμνῆσαι
877 1607 956 1645 τῶν
984 1603 1072 1655 &noi
1099 1593 1401 1659 πεπραγμένων,
1445 1602 1521 1657 ἐγώ
1554 1603 1629 1657 γὰρ
1666 1603 1918 1654 πρεσβεύσας
1957 1602 2014 1650 εἷς
2054 1602 2275 1642 Θετταλίαν
2314 1605 2379 1643 καί
2407 1608 2547 1645 Μακε-

203 1672 342 1710 δονίαν
370 1674 436 1711 καί
464 1673 520 1721 εἷς
562 1676 803 1714 Μολοσσίαν
841 1678 906 1715 καὶ
942 1676 997 1725 εἷς
1026 1678 1286 1728 Θεσπρωτίαν
1314 1678 1378 1715 καὶ
1407 1677 1463 1723 εἷς
1494 1674 1674 1714 Ἰταλίαν
1703 1676 1768 1713 καὶ
1797 1675 1852 1720 εἷς
1880 1675 2060 1712 Σικελίαν
2088 1675 2182 1720 τοὺς
2218 1674 2289 1723 μὲν
2323 1676 2548 1727 διαφόρους

203 1741 323 1790 ὄντας
352 1744 566 1798 διήλλαξα,
595 1746 689 1794 τοὺς
718 1747 756 1785 δ’
785 1746 1037 1800 ἐπιτηδείους
1064 1747 1256 1801 ἐποίησα,
1285 1748 1378 1795 τοὺς
1407 1749 1442 1787 δ’
1472 1746 1555 1787 ἀπὸ
1583 1751 1661 1786 τῶν
1688 1745 1841 1797 ἐχθρῶν
1868 1743 2088 1797 ἀπέστησα.
2156 1747 2220 1786 De
2247 1748 2320 1786 hoc
2349 1749 2435 1788 1000
2465 1750 2547 1788 Va-

203 1821 315 1857 terus
343 1818 525 1869 scripsit:
563 1818 682 1872 (432)
723 1821 798 1866 „In
832 1827 919 1861 tota
956 1836 1053 1861 vero
1090 1822 1271 1862 oratione
1309 1836 1402 1861 cum
1439 1821 1546 1860 nihil
1583 1821 1826 1871 reperiatur,
1874 1819 1981 1870 quod
2009 1832 2033 1857 a
2061 1818 2244 1858 Phaeace
2273 1820 2453 1859 alienum
2482 1822 2547 1868 sit,

200 1889 399 1939 quaedam
426 1895 565 1930 tamen
593 1892 687 1931 huic
715 1893 894 1932 maxime
921 1894 1191 1940 conveniunt,
1222 1900 1421 1944 quatenus
1450 1907 1503 1931 ex
1532 1893 1707 1931 aliorum
1736 1891 1898 1941 scriptis
1926 1900 2050 1929 notus
2079 1895 2161 1936 est,
2192 1891 2248 1929 ita
2278 1896 2324 1929 ut
2352 1892 2457 1931 alius
2479 1892 2547 1932 de-

200 1961 421 2000 monstrari
461 1968 658 2014 nequeat,
702 1964 766 2003 cui
809 1965 939 2017 magis
982 1969 1077 2016 apta
1120 1965 1225 2013 sint,
1280 1969 1321 2004 et
1357 1970 1404 2003 ut
1442 1964 1622 2015 primum
1662 1963 1719 2002 de
1772 1961 2141 2013 legationibus
2184 1961 2331 2003 dicam.
2383 1963 2432 2001 de
2480 1964 2544 2003 his

199 2037 335 2071 orator
362 2033 461 2072 haec
502 2036 681 2085 prodidit
721 2036 803 2087 (41.
833 2050 870 2087 p.
900 2037 964 2083 34,
995 2037 1086 2089 25):
1133 2037 1338 2088 „Legatus
1379 2037 1422 2074 in
1465 2035 1737 2081 Thessaliam,
1781 2036 1825 2074 in
1865 2034 2168 2081 Macedoniam,
2206 2035 2250 2072 in
2287 2035 2546 2082 Molossiam,

198 2105 243 2142 in
284 2104 588 2155 Thesprotiam,
631 2106 675 2145 in
722 2107 887 2147 Italiam
929 2113 970 2147 et
1011 2110 1056 2147 in
1098 2107 1283 2148 Siciliam
1323 2108 1473 2147 missus
1516 2121 1584 2147 cos
1601 2138 1610 2153 ‚
1641 2108 1711 2158 qui
1739 2108 2012 2146 irascerentur
2040 2106 2271 2153 nobiscum,
2302 2107 2344 2145 in
2371 2108 2546 2157 gratiam

199 2175 367 2224 reduxi,
408 2178 510 2217 alios
553 2179 789 2226 conciliavi,
832 2180 935 2220 alios
980 2179 1154 2231 denique
1200 2180 1250 2219 ab
1292 2179 1471 2219 hostium
1514 2179 1700 2230 partibus
1738 2178 1968 2225 abstraxi,“
2024 2177 2121 2217 haec
2158 2178 2293 2217 omnia
2334 2191 2416 2217 non
2451 2184 2549 2231 apta

198 2251 296 2287 sunt
327 2248 589 2302 juventuti*)
631 2250 873 2298 Andocidis‚
917 2264 991 2290 nec
1037 2264 1178 2291 eorum
1219 2251 1468 2290 mentionem
1497 2251 1593 2290 fecit
1620 2250 1853 2290 Andocides
1882 2251 1926 2288 in
1955 2251 2145 2301 genuinis
2184 2250 2434 2289 orationibus
2475 2251 2547 2290 ubi

198 2319 344 2359 merita
378 2333 453 2359 sua
488 2328 644 2372 crepat,
688 2322 759 2361 sed
801 2335 825 2360 a
867 2323 1052 2361 Phaeace
1095 2336 1177 2361 non
1219 2323 1337 2361 modo
1373 2336 1454 2361 non
1493 2323 1732 2369 abhorrent,
1770 2323 1885 2371 cujus
1923 2336 2005 2360 non
2033 2323 2252 2361 habeamus
2281 2323 2550 2371 posteriorem

197 2396 269 2429 aut
308 2391 432 2430 aliam
474 2393 604 2432 ullam
650 2395 892 2440 orationem,
937 2407 1016 2443 qua
1059 2394 1159 2433 haec
1200 2394 1329 2444 repeti
1371 2398 1411 2432 et
1452 2394 1686 2432 confirmari
1727 2394 1887 2444 possint
1928 2399 1967 2431 et
2011 2392 2060 2431 de
2101 2406 2179 2442 quo
2208 2393 2372 2431 omnino
2402 2405 2550 2443 pamm

197 2462 393 2510 sciamus,
440 2463 511 2502 sed
553 2465 677 2503 etiam
722 2465 764 2503 in
814 2463 956 2503 Sicilia
998 2471 1039 2504 et
1066 2465 1189 2504 Italia
1217 2466 1397 2516 legat-um
1425 2464 1552 2503 fuisse
1581 2464 1810 2504 Phaeacem
1839 2463 2095 2515 Thucydides
2124 2463 2258 2514 prodit
2286 2463 2357 2515 (V,
2389 2468 2412 2503 4
2444 2463 2546 2515 sq.)“

196 2535 253 2573 Et
293 2534 544 2575 Ruhnkenio
589 2536 754 2586 quidem
790 2537 863 2575 has
905 2538 1130 2587 legationes
1182 2536 1382 2575 Andocidi
1422 2536 1649 2575 vindicanti
1693 2550 1743 2575 ex
1780 2536 1908 2587 Lysia
1944 2536 2013 2586 qui
2049 2535 2130 2574 odii
2178 2535 2386 2574 excitandi
2428 2549 2553 2575 causa

196 2621 268 2660 pro
307 2607 525 2655 πρεσβείας
569 2604 802 2660 ἀποδημίαν
843 2609 1025 2659 posuerit
1066 2608 1246 2648 Vaterus
1290 2613 1395 2648 recte
1436 2608 1662 2659 respondit,
1712 2614 1851 2648 utrum
1899 2607 2092 2658 πρεσβεία
2134 2620 2187 2646 011
2234 2603 2447 2660 ἀποδημία
2490 2606 2551 2646 di-

196 2685 375 2729 ceretur,
421 2679 526 2719 nihil
555 2681 729 2729 referre,
760 2694 887 2733 quum
914 2680 1179 2720 manifestum
1207 2685 1341 2728 esset,
1381 2678 1634 2718 Andocidem
1671 2680 1765 2719 illas
1801 2686 1930 2718 terras
1969 2692 2109 2718 omncs
2143 2685 2237 2730 post
2276 2687 2410 2719 actam
2447 2679 2554 2719 hanc

326 2835 356 2873 *)
380 2833 524 2864 Vaterus
547 2833 581 2864 iu
605 2835 765 2874 peculiari
790 2835 1025 2866 dissertatione
1050 2835 1185 2874 (Rerum
1218 2833 1482 2865 Andocidearum
1514 2834 1683 2865 Particula
1708 2835 1729 2865 1.
1760 2833 1905 2865 Berolini
1942 2835 2036 2871 1830)
2070 2832 2301 2865 demonstrare
2324 2839 2464 2866 conatus
2488 2839 2555 2874 est,

391 2887 595 2920 Andocidem
618 2889 721 2921 multo
755 2893 830 2930 post
854 2894 967 2920 natum
992 2898 1082 2930 esse,
1115 2898 1212 2929 quam
1244 2887 1438 2920 Plutarchus
1471 2887 1524 2927 (X.
1550 2898 1614 2920 orr.
1641 2887 1736 2928 And.)
1768 2886 1918 2927 tradidit,
1951 2886 2040 2928 quod
2071 2887 2219 2919 Meierus
2251 2898 2383 2929 quoque
2408 2888 2550 2929 accepit,

393 2942 440 2973 ita
463 2947 497 2972 ut
523 2942 711 2974 Andocides
747 2953 786 2973 00
819 2949 979 2983 tempore,
1013 2943 1053 2973 (10
1086 2953 1150 2983 (1110
1183 2943 1234 2973 1110
1258 2942 1393 2982 agimus,
1417 2945 1487 2972 iere
1511 2942 1626 2981 viginti
1659 2942 1801 2981 quinquo
1834 2952 1993 2972 annorum
2017 2946 2117 2973 esset.
2165 2943 2271 2982 Quum
2296 2943 2374 2974 mihi
2399 2943 2441 2974 ad
2465 2942 2552 2973 hanc

392 2995 575 3028 orationem
600 3007 665 3028 non
689 2997 827 3029 mulium
852 3006 890 3029 ea
914 3006 968 3029 res
993 2997 1160 3038 pertinere
1186 2995 1373 3037 videretur,
1406 3006 1471 3027 non
1503 2996 1644 3037 amplius
1676 2994 1888 3036 exsequenda
1918 2995 1997 3027 mihi
2021 2995 2090 3028 visa
2115 3001 2183 3036 est,
2216 2996 2281 3029 etsi
2316 2997 2395 3029 mihi
2420 2994 2552 3038 quidem

391 3056 603 3092 argumenta,
628 3061 712 3092 quae
738 3052 786 3083 illi
810 3052 1011 3093 attulerunt,
1037 3062 1102 3083 non
1127 3051 1281 3084 sufficere
1305 3050 1467 3083 videntur.

2113 3106 2152 3139 2*
