2711 3418
1198 216 1249 257 16

37 319 306 363 talentorum
317 321 581 371 Plutarchus
610 324 766 374 tradit,
805 329 1045 377 postqum
1062 325 1276 378 demsgogi
1312 323 1467 364 sensim
1494 335 1545 364 ea
1569 322 1703 376 magis
1728 323 1952 396 magisque
1971 323 2173 382 auxerint.
2227 322 2401 386 Τιιὶιιιιιι.

37 394 146 446 quiin
141 394 247 435 tali
269 394 392 436 modo
420 400 543 437 aucta«
570 395 663 438 sint.
674 397 775 448 quis
802 395 976 447 dubitet,
1004 409 1133 451 quum
1160 401 1279 437 sexto
1306 407 1468 450 quoque
1485 406 1593 435 anno
1612 371 1939 448 (Schoemannus
1956 396 1991 454 I,
2019 381 2118 449 455)
2133 382 2239 438 ratio
2259 410 2401 439 eorum

36 465 186 505 domim
199 466 532 506 constituerem-2
586 467 805 518 Ednsmodi
831 469 1118 516 constitutioni
1143 467 1404 508 Alcibiadem
1430 479 1590 518 quoque
1617 465 1839 517 aliquando
1877 451 2067 520 adfuisse
2096 481 2224 521 quum
2262 457 2400 509 admo-

36 535 137 577 dum
164 536 360 578 credibile
387 537 465 586 s'it,
494 542 635 578 tamen
661 536 865 590 quidquid
890 539 1103 598 cognitum
1128 537 1327 580 habemus
1346 537 1397 579 de
1415 549 1464 578 ea
1480 550 1526 578 re
1545 535 1761 590 significat,
1790 548 1885 580 eum
1906 537 2062 581 tributa
2079 538 2218 591 qualis
2236 538 2401 592 quidem

36 608 88 648 ab
116 608 305 649 Aristide
332 610 422 661 ipso
450 609 670 661 dispertita
696 615 838 652 essent
864 611 1056 652 omnibus
1084 611 1204 651 sociis
1233 610 1360 651 simul
1386 609 1595 661 duplicare
1622 620 1792 661 prorsus
1819 622 1904 650 non
1936 611 2130 662 potuisse
2192 609 2400 652 Nimirum

36 693 141 731 quae
163 681 277 720 facta
304 685 394 720 erat
420 680 472 720 ab
489 681 689 728 Aristide
715 681 967 723 tributorum
994 682 1231 722 distributio
1258 687 1349 722 tum
1377 680 1543 720 omnino
1570 693 1655 720 non
1681 680 1906 731 superfuit,
1935 695 2062 734 quum
2095 683 2189 733 jam
2217 681 2400 723 Pericles

35 765 127 792 eam
142 752 368 801 mutasset,
396 757 442 792 et
464 757 667 804 utsupra
693 752 851 794 dictum
878 759 944 795 est
969 759 1088 794 sexto
1124 766 1285 805 quoque
1319 765 1428 793 anno
1462 756 1573 793 esset
1609 749 1890 804 redintegrata
1931 752 2176 794 distributio.
2237 752 2400 795 Deinde

33 822 132 875 pace
159 823 307 864 Niciae
331 836 455 875 quam
483 823 688 864 vocabant
723 823 878 867 diserte
905 830 1072 877 pactum
1099 830 1199 873 erat,
1229 829 1277 866 ut
1302 823 1527 866 nonnullae
1555 821 1723 863 urbium
1746 821 2050 866 foederatarum
2077 815 2233 866 tributa
2259 825 2399 867 sicut

32 899 154 935 ante
169 894 410 946 penderent
435 894 638 949 (Boeckh,
663 894 721 944 11,
750 895 845 945 431,
874 896 998 939 Anm.
1027 896 1138 947 409).
1191 895 1279 936 Nec
1305 896 1445 935 minus
1471 899 1619 935 notum
1644 899 1731 943 est,
1766 896 1965 947 majorem
2002 896 2121 952 illam
2147 896 2397 937 tributorum

30 979 237 1006 summam
264 980 349 1007 non
377 967 513 1007 solum
539 968 730 1007 auctione
758 981 902 1008 eorum
930 981 1035 1019 quae
1055 969 1144 1019 jam
1171 967 1449 1018 penderentur
1475 966 1547 1015 sed
1574 967 1701 1007 etiam
1726 980 1930 1007 novarum
1965 967 2132 1009 urbium
2167 956 2395 1009 accessione

29 1039 182 1081 faeta-m
207 1051 320 1079 esse„
346 1037 561 1089 ‚Denique
589 1043 699 1080 certe
727 1044 794 1079 est
819 1038 930 1093 quod
956 1038 1181 1087 credamne,
1210 1038 1461 1080 tributorum
1487 1038 1673 1080 omnium
1699 1037 2020 1090 duplicationem
2047 1039 2172 1080 simul
2209 1039 2396 1081 effectam

29 1122 229 1161 quassos
257 1113 370 1149 esset
395 1109 736 1161 multossmqjoris·
752 1110 952 1152 momenti
979 1123 1103 1162 quam
1129 1110 1204 1150 illa
1226 1110 1461 1156 immutatio
1487 1110 1534 1149 ιιι
1559 1109 1799 1160 vicesimam
1823 1109 2089 1161 exigendam,
2131 1111 2256 1165 etiam
2283 1111 2394 1151 ’111111-

29 1180 167 1234 cydidi
194 1181 384 1221 futurum
411 1180 541 1222 fuisse
569 1186 618 1222 ut
644 1180 770 1234 digna
796 1181 1009 1223 videretur
1051 1194 1174 1234 quam
1210 1182 1432 1234 memoriae
1473 1180 1674 1234 proderet.
1729 1180 1800 1229 Ex
1827 1179 2018 1223 omnibus
2045 1181 2113 1224 his
2139 1182 2262 1224 rebus
2299 1194 2393 1224 con-

28 1252 212 1302 eladae?
222 1266 456 1305 possumus,
484 1253 606 1293 illam
632 1253 955 1306 duplicationem
981 1253 1033 1293 ab
1051 1252 1266 1300 Alcibiade
1293 1266 1507 1305 nunquam
1532 1240 1683 1304 factam
1701 1265 1792 1294 esse
1811 1257 1855 1293 et
1870 1258 2074 1294 oratorem
2092 1239 2164 1306 qui
2179 1258 2395 1307 praesente

27 1323 248 1368 Alcibiade
275 1324 404 1370 rerba
429 1325 584 1363 faceret
610 1324 832 1364 admodum
858 1330 1076 1371 cauturum
1103 1325 1243 1373 fuisse,
1271 1337 1325 1364 ne
1351 1326 1454 1364 talia
1478 1325 1691 1376 proferret,
1720 1337 1824 1375 quae
1851 1338 1897 1363 se
1925 1326 2170 1364 ementitum
2193 1339 2283 1365 esse
2301 1339 2393 1377 per-

25 1395 151 1439 facile
178 1395 237 1433 ab'
258 1396 345 1434 illo·
360 1395 575 1441 convictus
612 1400 733 1434 esset.
796 1396 950 1435 Restat
982 1402 1031 1435 ut
1072 1395 1218 1435 addam
1256 1395 1413 1435 Meiero
1452 1408 1612 1446 quoque
1646 1396 1765 1434 illam
1796 1395 2117 1451 duplicationem
2143 1397 2391 1436 tributorum

25 1468 191 1508 falsam
203 1467 444 1516 fictamque
453 1467 588 1506 visam
612 1479 717 1506 esse.
730 1467 804 1519 *)
825 1466 988 1509 Deinde
1015 1467 1118 1508 mihi
1145 1466 1386 1518 scrupulum
1413 1467 1555 1517 injecit
1582 1465 1960 1518 dubitationemque
1988 1481 2037 1508 ea
2063 1481 2131 1508 res
2158 1481 2281 1520 quam
2298 1481 2391 1520 pro-

24 1538 113 1578 fert-
122 1536 203 1578 de
206 1536 354 1578 Melta.
364 1536 564 1578 muliere.
605 1535 763 1578 Orator
797 1536 898 1579 haec
928 1536 1037 1581 dicit
1068 1538 1097 1589 ξ.
1138 1540 1212 1581 22:
1243 1531 1298 1585 ὃς
1327 1534 1570 1594 τηλικαύτας
1600 1538 1779 1585 ποιεῖται
1817 1539 1897 1578 τῶν
1937 1534 2236 1592 ἁμαρτημάτων
2270 1533 2391 1592 ὕπερ-

21 1607 187 1658 βολάς,
179 1603 297 1648 ὥστε
314 1608 409 1661 περὶ·
426 1609 514 1647 τῶν
541 1606 727 1667 ΙΙαηλφῖιιν,Ι
739 1606 898 1662 γνώμην
923 1604 1235 1663 ὢτοφηνάμενος
1254 1605 1688 1662 ἐξανδραποδίζεσθαι,
1717 1607 1938 1661 πριάμενος
1958 1611 2124 1660 γυναῖκα
2144 1611 2224 1648 τῶν
2245 1608 2390 1660 αῖχμα-

22 1680 159 1719 λώτων
184 1678 274 1719 υἱὸν
294 1677 348 1728 ,ἐξ
370 1676 512 1732 αὐτῆς
521 1678 754 1733 πεποίηται,
780 1675 828 1728 ὃς
880 1679 1066 1732 τοσούτῳ
1090 1677 1436 1733 παρανομωτέρως
1467 1679 1680 1733 Αἰγίσθου
1692 1677 1869 1732 γέγονεν,
1898 1677 1992 1721 ὥστ’
2021 1677 2066 1720 ἐκ
2092 1682 2171 1720 τῶν
2196 1677 2393 1730 ἐχθίστων

23 1748 410 1806 εἰλλήλιομς,,πείγυιιιεδ
426 1751 507 1806 κτλ.
541 1752 648 1797 ‚Hic
671 1753 787 1804 locus
815 1752 853 1792 si
879 1752 1108 1797 orationem
1135 1758 1321 1802 nostram
1347 1765 1445 1793 vere
1472 1751 1656 1804 habitam
1683 1765 1774 1793 esse
1803 1756 2034 1793 statuamus
2062 1765 2087 1793 a
2113 1752 2246 1803 primo
2273 1752 2393 1794 initio

21 1824 131 1865 mihi
154 1824 361 1875 explicari}
377 1824 550 1865 *omnino
573 1830 669 1878 non¹
689 1832 810 1876 posse
826 1824 957 1878 *visus
984 1828 1059 1865 est.
1115 1824 1296 1874 Vaterus
1324 1822 1490 1875 quidem
1524 1823 1568 1863 in
1602 1836 1679 1863 sua
1711 1822 2001 1865 dissertatione
2039 1836 2079 1875 p.
2120 1826 2211 1876 427.
2249 1836 2391 1880 omnes

22 1894 290 1935 difficultates
317 1894 425 1935 mira
449 1894 626 1935 laxitate
654 1894 767 1935 tollit
795 1894 862 1935 his
889 1894 1050 1935 verbis:
1078 1892 1263 1944 „Quodsi
1295 1893 1532 1935 Alcibiades
1560 1894 1607 1947 (1.
1644 1894 1689 1945 1.)
1722 1894 1867 1935 filium
1895 1894 2046 1935 dicitur
2079 1894 2299 1935 sustulisse
2339 1908 2392 1935 ex

18 1965 150 2011 Malia
174 1965 361 2019 captiva
381 1965 480 2005 licet
505 1964 607 2005 urbs
633 1965 768 2008 tribus
796 1965 882 2006 fere
909 1965 1123 2006 mensibus
1151 1972 1247 2005 ante
1275 1970 1440 2017 tempus
1468 1965 1665 2005 orationis
1693 1969 1825 2017 capta
1840 1966 1916 2013 sit,
1946 1964 2045 2016 quid
2082 1964 2160 2005 hoc
2194 1965 2247 2005 ad
2287 1965 2391 2006 nos?

19 2042 130 2088 nam
143 2049 279 2087 neque
307 2041 401 2087 post
428 2036 620 2077 subactos
636 2035 805 2077 demum
831 2032 981 2097 Melies
1008 2037 1133 2082 istam
1160 2037 1367 2096 captivam
1394 2037 1543 2100 emisse
1570 2036 1720 2076 dicitur
1747 2036 1996 2084 Alcibiades,
2024 2048 2159 2087 neque
2185 2036 2230 2076 in
2252 2042 2388 2089 poste-

19 2108 144 2147 riona
152 2107 280 2147 bello
291 2111 418 2158 capta
444 2120 537 2148 esse
564 2107 639 2146 illa
665 2108 827 2163 mulier,
856 2112 905 2147 ut
932 2121 1016 2147 non
1043 2107 1284 2149 incredibile
1312 2108 1378 2159 sit,
1407 2111 1501 2158 post
1526 2096 1705 2158 priorem
1733 2107 2039 2165 expeditionem
2074 2112 2217 2147 contra
2242 2097 2392 2168 Melies

19 2176 99 2219 OL
111 2177 189 2226 88,
211 2177 240 2218 3
266 2191 327 2230 pr.
356 2177 522 2232 factam
534 2160 746 2221 venditam
773 2191 865 2219 esse
893 2178 1012 2220 illam
1036 2182 1113 2220 aut
1139 2179 1224 2219 alia
1248 2179 1459 2227 occasione
1485 2178 1532 2218 in
1566 2178 1810 2218 servitutem
1846 2177 2031 2226 venisse;
2071 2182 2194 2229 atque
2228 2164 2391 2219 etiamsi
2447 2225 2454 2232 .

19 2258 150 2293 verno
176 2256 362 2303 tempore
380 2249 457 2293 01.
487 2250 555 2300 90,
581 2250 619 2300 4,
633 2264 743 2293 cum
770 2250 911 2294 Meliis
939 2264 1086 2297 rursus
1113 2250 1281 2292 bellum
1298 2241 1521 2303 inferretur
1548 2255 1666 2302 capta
1683 2251 1751 2300 sit,
1779 2254 1920 2291 tamen
1938 2262 2033 2289 cum
2051 2253 2239 2290 oraretur
2254 2237 2390 2290 filium

20 2330 150 2364 01.oe
177 2322 333 2365 habero
359 2322 497 2378 potuit
523 2322 799 2367 Alcibiadesfl
857 2323 973 2364 Haec
999 2323 1242 2363 confirmare
1271 2322 1412 2366 studet
1437 2321 1641 2362 laudando
1661 2319 1894 2380 Droysenio
1913 2321 1964 2361 de
1982 2320 2194 2372 Aristoph.
2229 2321 2392 2362 Avibus

18 2397 73 2435 in
92 2395 324 2446 Welckeri
334 2395 445 2435 Mus.
473 2394 840 2441 Rhen.v01.111
868 2409 907 2446 p.
937 2395 1018 2435 200
1047 2400 1153 2435 not:
1182 2394 1357 2445 „Indess
1384 2385 1543 2440 wahrte
1581 2393 1647 2434 die
1684 2394 1950 2445 Belagerung
1985 2406 2069 2433 von
2102 2391 2236 2433 Melos
2259 2379 2392 2453 lange

18 2480 173 2518 genum.
184 2465 307 2509 dass
321 2465 390 2509 ein
417 2465 647 2511 melisches
664 2465 871 2516 Madchen
897 2480 973 2509 vor
1001 2465 1120 2510 mehr
1147 2466 1210 2512 als
1235 2478 1359 2520 neun-
1369 2464 1577 2519 Monaten
1603 2465 1649 2507 in
1685 2462 2037 2519 Gesangenschaft
2072 2458 2271 2534 gerathen
2304 2462 2390 2506 und

16 2544 81 2579 a'n
92 2537 363 2591 Alkvbiades
390 2537 600 2581 verkaut't
609 2537 721 2582 sein
732 2536 939 2586 konnte“

165 2657 196 2701 *)
220 2657 421 2691 conferatur
444 2657 545 2691 etiam
568 2656 649 2700 quid
667 2657 737 2701 jam
760 2656 898 2692 Grotius
922 2656 1091 2692 censuerit
1114 2654 1155 2691 de
1177 2655 1241 2690 hac
1263 2665 1318 2699 re,
1341 2653 1492 2690 Historia
1513 2655 1643 2691 Graeca
1665 2656 1726 2691 111.
1757 2667 1790 2699 p.
1821 2658 1902 2691 319:
1934 2653 2005 2688 Der
2035 2652 2171 2688 Redner
2199 2653 2388 2689 Aeschines

216 2706 352 2746 bez'i'eht
375 2711 430 2746 die
451 2710 685 2755 Vermehrung
708 2709 769 2746 des
791 2710 948 2746 Tribates
971 2712 1032 2745 auf
1054 2714 1138 2746 1200
1161 2711 1302 2745 Talente
1326 2710 1388 2743 auf
1407 2710 1460 2744 die
1478 2709 1552 2744 dem
1571 2710 1715 2745 Frieden
1739 2711 1799 2745 des
1818 2710 1938 2745 Nikias
1952 2707 2110 2751 folgende
2133 2708 2227 2743 Zeit:
2250 2709 2389 2743 Boeckh

221 2759 386 2808 (Staa'tsh.
410 2764 441 2801 d.
465 2767 569 2801 Abth.
592 2766 653 2809 111,
677 2766 757 2809 Cap.
775 2768 923 2816 ⁴is-w)
946 2765 1072 2810 glaubt,
1097 2767 1145 2801 sie
1167 2766 1255 2801 habe
1277 2765 1395 2799 freher
1416 2765 1467 2799 als
1490 2765 1543 2799 die
1577 2767 1793 2810 Auffuhrung
1815 2765 1876 2800 dei·
1898 2765 2033 2807 Vespae
2057 2763 2117 2798 des
2141 2763 2388 2807 Aristophanes

216 2819 482 2865 stattgem'nden',
506 2821 538 2855 d.
560 2820 594 2856 h.
617 2825 705 2855 etvea
725 2820 927 2855 dreiJahre
949 2831 1012 2856 vor
1032 2821 1159 2856 diesem
1181 2818 1337 2863 mdes,
1362 2819 1444 2854 oder
1465 2830 1522 2854 ιιιι
1543 2823 1607 2857 423
1633 2832 1668 2856 v.
1690 2822 1752 2856 ch.
1803 2820 1886 2855 Dies
1914 2818 2029 2854 warde
2058 2818 2141 2853 aber
2169 2818 2294 2861 gendo
2329 2828 2390 2853 vor

217 2875 279 2910 der
301 2872 378 2910 Zeit
400 2875 460 2909 des
484 2876 596 2919 Zuges
618 2876 680 2910 des
704 2875 864 2909 Brasidas
885 2876 972 2909 nach
996 2876 1169 2909 Thrakien
1191 2875 1261 2909 and
1283 2874 1410 2908 seinem
1430 2874 1581 2918 Erfolge,
1603 2875 1772 2911 Aufstand
1793 2879 1893 2909 anter
1924 2873 1991 2910 den
2021 2883 2087 2908 von
2119 2872 2233 2907 Athen
2262 2873 2388 2908 abhan-

217 2931 316 2973 gigen
338 2930 479 2964 Staaten
501 2940 544 2964 zu
565 2940 719 2974 erregen,
743 2939 898 2973 gevesen
919 2930 1004 2965 sein.
1048 2930 1154 2964 Hatte
1176 2940 1245 2964 nun
1258 2930 1371 2964 Athen
1389 2929 1454 2963 den
1469 2929 1589 2964 Tribut
1609 2930 1681 2964 fur
1702 2930 1792 2964 alle
1814 2930 1940 2964 seine
1960 2926 2276 2962 Verbundeten
2296 2928 2387 2962 eben

214 2997 276 3019 vor
298 2986 424 3020 diesem
447 2986 540 3028 Zuge
564 2985 841 3028 verdoppe1t‚
863 2995 902 3021 so
923 2986 1052 3020 konnte
1075 2984 1288 3029 Thucydides
1310 2984 1404 3019 nicht
1425 2984 1638 3020 unterlassen
1659 2985 1782 3029 haben,
1805 2984 1888 3027 dies,
1912 2982 1963 3018 als
1986 2981 2041 3017 die
2058 2977 2298 3017 Wechs'elssue
2321 2982 2381 3018 des

216 3040 374 3084 Erfolges
397 3040 453 3075 fur
476 3040 634 3076 Brasidas
656 3039 878 3075 vermehrend
899 3039 970 3088 und
991 3039 1042 3074 als
1063 3039 1117 3074 die
1140 3038 1362 3074 Entschlnsse
1386 3038 1446 3073 der
1467 3039 1657 3074 Akanthier
1679 3039 1749 3075 und
1776 3038 1922 3074 andei-er
1943 3047 1987 3071 zu
2015 3036 2212 3071 bestimmen
2243 3037 2381 3074 helfend

214 3107 258 3134 zu
281 3096 471 3139 erwahnen,
493 3096 620 3131 welche
644 3107 720 3130 zum
742 3084 932 3131 Aufstande
954 3095 1164 3138 keineswegs
1186 3094 1388 3137 einstimmig
1408 3094 1478 3129 und
1500 3084 1588 3130 ohne
1613 3094 1746 3139 Zogern
1771 3102 2013 3138 angenommen
2036 3090 2184 3129 wurden.
