2852 3512
445 1232 524 1334 Si
550 1300 695 1325 verum
723 1291 797 1333 est,
826 1286 934 1336 quod
960 1286 1028 1325 vir
1054 1285 1390 1325 dootusnostrae
1414 1285 1561 1324 aetatis
1590 1289 1685 1324 ante
1706 1285 1862 1335 aliquot
1889 1299 2018 1325 annos
2038 1285 2164 1325 simili
2184 1286 2271 1324 loco
2301 1285 2476 1335 scripsit,
2509 1298 2599 1325 eam

251 1369 340 1395 esse
373 1356 625 1404 libellorum,
672 1358 806 1407 qualis
845 1357 911 1396 hic
940 1361 1021 1404 est,
1066 1356 1308 1403 rationem,-
1335 1361 1384 1395 ut
1411 1356 1446 1394 si
1474 1356 1531 1403 is,
1573 1355 1645 1406 qui
1673 1355 1844 1403 scribat,
1890 1356 2172 1395 tantummodo
2211 1356 2341 1402 dicat,
2384 1356 2482 1406 quid
2521 1358 2601 1406 ipsi

248 1428 386 1477 aliqua
423 1428 471 1468 de
508 1442 552 1468 re
599 1428 805 1476 videatur,
853 1427 1015 1468 etiamsi
1050 1427 1157 1467 nihil
1195 1427 1293 1467 novi
1329 1427 1493 1475 afferat,
1522 1426 1798 1468 vnecessitatis
1832 1427 1979 1466 habeat
2020 1428 2348 1471 excusationem,
2406 1440 2458 1465 ne
2498 1427 2599 1466 mihi

247 1497 409 1549 quidem
450 1498 568 1538 credo
610 1499 802 1538 scribenti
849 1498 898 1538 de
943 1498 1168 1538 Andocidis
1204 1511 1306 1549 quae
1351 1498 1483 1537 fertur
1510 1498 1692 1538 orat-ione
1728 1505 1874 1548 quarta
1901 1500 2207 1537 excusationem
2235 1498 2469 1537 defuturam
2498 1512 2598 1538 esse.

246 1566 445 1617 Quamvis
479 1571 611 1608 multa
651 1571 761 1608 enim
781 1569 783 1572 ⁴
802 1570 852 1608 de
888 1571 964 1608 hae
1001 1571 1183 1608 oratione
1213 1571 1301 1619 jam
1339 1570 1490 1619 scripta
1526 1570 1630 1616 sint,
1680 1575 1818 1610 tamen
1863 1583 1946 1610 non
1981 1573 2145 1609 tantum
2182 1568 2282 1619 quid
2322 1568 2425 1608 mihi
2464 1568 2513 1608 de
2553 1582 2600 1609 ea

243 1639 449 1687 videatur,
489 1641 560 1680 sed
599 1642 723 1680 etiam
763 1642 797 1680 si
835 1654 917 1680 non
954 1641 1132 1680 multum
1170 1645 1309 1679 tamen
1338 1639 1503 1690 ,aliquid
1541 1640 1638 1681 novi
1675 1639 1724 1680 de
1752 1653 1801 1680 ea
1828 1641 1972 1680 afferre
2001 1652 2121 1691 posse
2149 1639 2252 1679 mihi
2284 1640 2435 1678 videor.
2490 1639 2597 1678 Nam

244 1722 370 1759 quum
398 1710 447 1750 de
475 1711 645 1762 reliquis
674 1712 806 1751 tribus
834 1711 1057 1751 Andocidis
1086 1710 1356 1757 orationibus,
1397 1723 1572 1761 quarum
1600 1724 1703 1757 una,
1743 1711 1792 1750 de
1828 1712 2038 1763 mysteriis
2068 1711 2229 1757 habita,
2271 1721 2481 1760 nunquam
2521 1712 2597 1750 im-

240 1785 422 1831 pugnata
449 1787 534 1830 est,
563 1783 742 1822 multum
770 1783 1070 1834 disputaretur,
1098 1784 1157 1821 ita
1185 1787 1323 1821 tamen
1350 1787 1398 1820 ut
1425 1783 1579 1829 altera,
1609 1796 1711 1832 quae
1741 1788 1804 1821 est
1832 1783 1881 1822 de
1901 1782 2057 1829 reditu,
2088 1796 2172 1822 non
2189 1782 2313 1821 nimis
2334 1781 2598 1822 vehementer

240 1845 568 1900 addubitaretur,
611 1855 784 1893 alteram
820 1855 952 1904 magis
987 1854 1206 1904 magisque
1236 1858 1380 1893 revera
1417 1852 1642 1893 Andocidis
1683 1866 1772 1892 esse
1810 1854 2078 1893 manifestum
2106 1854 2244 1900 fieret,
2283 1852 2325 1891 id
2360 1852 2466 1903 quod
2496 1853 2595 1893 1111111

239 1921 404 1972 quidem
431 1925 583 1966 nostris
612 1925 755 1966 diebus
789 1924 1014 1965 ’ΚΠ-81111811
1048 1924 1330 1966 Berolinensis
1367 1937 1490 1977 opera
1527 1925 1756 1966 confectum
1793 1938 1882 1964 esse
1920 1925 2104 1973 videtur,
2145 1925 2194 1964 de
2229 1930 2375 1975 quarta
2413 1925 2594 1964 oratione

239 2005 343 2043 quae
370 1993 562 2035 instituta
590 2001 653 2036 est
681 1996 812 2036 adhuc
849 1996 1086 2049 disputatio¹
1110 2010 1278 2048 prorsus
1314 1997 1358 2036 in
1396 1998 1643 2036 contrariam
1685 2002 1844 2046 partem
1881 2010 2099 2047 progressa
2136 2002 2209 2035 est.
2279 1997 2456 2047 Tayloro
2484 1997 2592 2035 enim

238 2063 369 2113 primo
398 2064 603 2106 dubitanti
631 2081 732 2107 num
761 2068 986 2107 Andocidis
1014 2073 1124 2107 esset
1151 2068 1250 2107 11888
1278 2069 1407 2107 oratio
1438 2081 1613 2118 eamque
1641 2067 1820 2120 Phaeaci
1857 2067 2057 2107 tribuenti
2095 2072 2311 2118 postquam
2340 2080 2591 2118 repugnave-

237 2138 335 2173 runt
362 2134 733 2179 Valckenariussset
762 2139 1040 2178 Ruhnkenius
1069 2152 1238 2190 eamque
1275 2138 1477 2179 Andocidi
1504 2139 1713 2178 vindicare
1742 2139 1877 2179 conati
1906 2144 2027 2186 sunt,
2063 2138 2275 2179 Becker-us
2316 2138 2471 2188 primus
2501 2151 2590 2177 sus-

235 2205 361 2255 picari
398 2209 547 2259 coepit,
588 2223 678 2249 eam
713 2224 788 2251 1188
826 2210 1050 2250 Andocidis
1086 2223 1160 2250 1188
1196 2210 1395 2250 Ρ11888818
1424 2223 1514 2250 8888
1544 2210 1615 2249 88(1
1653 2223 1676 2249 8
1713 2210 1876 2252 rhetore
1912 2210 2088 2261 quodam
2131 2210 2366 2260 posterioris
2394 2210 2591 2259 temporis

235 2276 513 2328 conscriptam.¹
563 2280 616 2319 In
644 2282 814 2322 eandem
845 2287 1004 2333 partem
1032 2295 1159 2332 quum
1179 2283 1268 2332 jam
1290 2282 1461 2321 abiisset
1479 2282 1651 2322 Grotius
1675 2283 1852 2333 Anglus,
1878 2287 2019 2332 postea
2035 2282 2214 2321 Meierus
2238 2281 2432 2319 Halensis
2462 2282 2590 2319 exsti-

234 2346 297 2392 tit,
326 2346 397 2397 qui
434 2361 524 2389 eam
564 2354 812 2392 sententiam
841 2358 882 2391 et
911 2357 1150 2403 sequeretur
1177 2357 1219 2392 81
1246 2353 1522 2403 copiosissime
1550 2354 1935 2403 accuratissimeque
1962 2352 2151 2392 omnibus
2180 2351 2385 2391 doctrinae
2412 2352 2590 2391 8111111188

235 2415 479 2467 adjumentis
498 2424 738 2463 confirmare
757 2430 798 2463 et
814 2424 1004 2465 evincere
1017 2429 1243 2464 conaretur.
1298 2423 1356 2464 Et
1377 2424 1483 2463 fecit
1508 2425 1583 2472 ita,
1614 2429 1661 2464 ut
1688 2425 1759 2464 vix
1789 2424 2010 2477 quidquam
2037 2424 2134 2463 novi
2162 2422 2296 2462 afferri
2325 2423 2467 2473 possit,
2495 2436 2590 2463 con-

234 2488 417 2539 fectaque
446 2498 555 2532 esset
581 2508 647 2534 res
662 2526 670 2541 ‚
701 2496 737 2534 si
766 2496 1120 2546 argumentatione
1149 2509 1202 2535 ex
1228 2495 1318 2547 ipsa
1344 2495 1526 2536 oratione
1556 2496 1753 2547 capienda
1780 2497 1923 2537 confici
1952 2501 2098 2546 posset.
2155 2494 2203 2533 Id
2232 2507 2329 2533 vero
2350 2509 2477 2545 quum
2496 2496 2589 2536 fieri

234 2571 317 2598 non
343 2572 462 2610 posse
490 2563 593 2603 mihi
619 2565 810 2605 videatur
847 2567 929 2606 alia
955 2566 1250 2606 rationeidem
1278 2566 1385 2617 quod
1411 2566 1593 2605 Meierus
1621 2568 1809 2609 evincere
1837 2573 2006 2607 conatus
2035 2579 2147 2611 sum,
2185 2578 2274 2604 esse
2304 2566 2410 2605 hanc
2438 2568 2587 2606 oratio-

232 2641 328 2669 nem
354 2644 429 2671 1108
456 2632 680 2675 Α11(1081(118
708 2650 784 2677 1188
812 2638 1015 2677 Phaeacis
1039 2644 1119 2677 1188
1143 2639 1382 2688 cujusquam
1409 2638 1524 2676 illius
1553 2639 1719 2685 aetatis,
1755 2638 1826 2678 sed
1855 2652 1877 2677 a
1907 2638 2089 2687 sophista
2116 2636 2292 2687 quodam
2320 2643 2464 2688 postea
2491 2651 2587 2678 con-

233 2699 390 2740 fectam.
448 2701 531 2743 Sed
559 2705 608 2745 de
636 2706 702 2746 his
731 2709 850 2759 plura
879 2709 924 2747 in
950 2709 1042 2760 ipsa
1069 2708 1356 2748 dissertatione
1384 2714 1507 2759 quam
1537 2722 1629 2748 sum
1656 2710 1929 2760 ingressurus.

428 2772 617 2815 Primum
645 2780 828 2818 omnium
847 2780 942 2819 huic
970 2779 1246 2830 disquisitioni
1274 2779 1490 2820 convenire
1517 2779 1619 2819 mihi
1648 2780 1831 2827 videtur,
1859 2779 2038 2819 breviter
2066 2778 2284 2830 explicare,
2314 2779 2413 2830 quid
2442 2786 2588 2832 agatur

235 2841 279 2880 in
306 2855 354 2880 ea
381 2845 585 2894 oratione,
617 2862 740 2899 quam
767 2850 1045 2890 tractabimus.
1099 2850 1327 2901 Postquam
1353 2851 1493 2902 paucis
1527 2851 1665 2891 verbis
1692 2851 1811 2891 initio
1840 2855 2106 2900 conquestus,
2150 2863 2273 2900 quam
2302 2852 2516 2901 spinosum
2545 2860 2587 2890 et

234 2912 508 2962 periculosum
536 2924 661 2967 esset,
699 2920 995 2972 rempublicam
1020 2935 1253 2973 capessere,
1294 2921 1611 2969 demonstravit,
1633 2922 1735 2961 boni·
1756 2922 1857 2961 civis
1885 2933 1992 2968 esse,
2023 2921 2210 2971 publicae
2249 2923 2373 2961 saluti
2410 2936 2589 2973 propug-

234 2996 332 3024 nare
361 2998 435 3025 1188
461 2988 589 3029 nimia
617 2992 872 3042 privatarum
899 3006 1038 3034 rerum
1065 3007 1162 3034 cura
1189 2994 1363 3034 anxium
1386 2993 1634 3045 reipublicae
1661 3007 1705 3033 se
1734 2993 1993 3039 subtrahere,
2022 2998 2238 3043 propterea
2267 2993 2375 3044 quod
2403 3008 2485 3033 non
2513 2994 2585 3033 ho-

233 3055 393 3096 minum
419 3057 651 3101 istiusmodi
692 3064 1053 3116 tergiversatione,
1081 3065 1154 3105 sed
1181 3066 1334 3106 civium
1361 3066 1530 3105 fortium
1557 3070 1598 3104 81
1635 3078 1865 3115 gnavorum
1891 3079 2015 3115 opem
2041 3066 2231 3105 civitates
2260 3073 2301 3104 et
2329 3080 2502 3117 magnac
2543 3071 2586 3106 et

1998 3128 2035 3164 1*
