2711 3418
1275 218 1298 254 7

107 335 215 380 sunt,
244 341 454 381 nunquam
482 325 531 366 de
559 324 635 364 hac
661 337 706 363 re
734 329 1033 372 commemorat,
1063 325 1251 375 quamvis
1281 324 1383 363 alias
1418 337 1501 364 non
1538 322 1837 363 verecundetur
1872 322 1917 361 in
1953 320 2207 361 orationibus
2244 332 2311 360 res
2345 331 2374 358 a
2411 330 2455 357 66

107 402 295 454 inprimis
324 400 499 452 gloriose
527 400 664 448 gestas
687 396 854 445 jactare.
909 395 977 433 Ex
1004 395 1069 434 his
1097 395 1219 434 rebus
1247 400 1356 435 recte
1385 396 1576 446 colligere
1594 394 1698 434 mihi
1716 393 1868 441 videor,
1897 392 2150 433 Andocidem
2168 392 2220 432 ab
2238 391 2315 431 hac
2334 401 2457 431 causa

105 475 226 525 plane
255 473 436 512 alienum
462 469 590 508 fuisse
617 466 788 518 ideoque
817 480 869 506 ne
897 466 1090 506 habuisse
1117 467 1281 518 quidem
1308 467 1546 507 orationem„

299 543 548 591 Priusquam
582 542 721 576 autem
754 538 978 577 confectam
1013 538 1118 578 hanc
1154 552 1243 578 rem
1288 539 1588 585 existimemus,
1638 536 1917 589 respiciendae
1956 542 2054 577 sunt
2088 535 2290 588 quaedam
2328 545 2452 585 quae·

104 616 268 663 stiones,
301 627 401 665 quas
430 610 572 651 attulit
597 609 649 648 D.
678 609 954 649 R-uhnkenius
983 609 1028 648 in
1056 622 1131 657 sua
1158 609 1329 650 historia
1357 606 1497 650 critica
1525 608 1746 650 Oratorum
1774 607 2037 649 Graecorum.
2096 607 2163 648 Ibi
2189 607 2301 647 enim
2342 603 2453 657 (Vol.

104 686 202 733 111„
233 684 324 724 Orr.
354 697 412 734 gr.
440 681 480 722 J.
509 680 604 720 Jak.
633 679 796 720 Reiskii
823 694 860 731 p.
894 684 969 721 138
998 681 1092 733 etc.)
1127 685 1289 732 praeter
1324 681 1407 721 alia
1441 693 1544 732 quae
1581 681 1689 720 infra
1722 680 1905 720 tractabo
1943 680 2107 732 scripsit
2137 679 2257 719 hwc:
2300 675 2448 724 „Hunc

100 758 239 807 ipsum
265 757 402 796 locum
430 751 645 805 (orationis
674 755 838 792 nostrae
866 752 896 803 ξ.
934 749 987 791 29
1013 749 1067 789 τὰ
1093 753 1273 802 πομπεῖα
1297 748 1410 805 παρὰ
1436 752 1515 791 τῶν
1542 746 1797 804 ἇρχιθεωρῶν
1822 749 2111 803 αἰτησάμενος.
2137 747 2192 798 ὥς
2229 747 2289 796 εἷς
2328 742 2446 787 τᾶπι-

98 826 224 872 νὶκια,
252 827 304 880 τῇ
330 822 544 877 προτερείᾳ
572 823 642 873 τῆς
681 821 826 868 θυσίας
863 820 1127 874 χρησόμενος,
1165 820 1410 875 ἐξηπάτησε,
1445 823 1511 861 καὶ
1547 819 1771 862 ἀποδοῦναι
1808 819 1880 861 οὐκ
1917 820 2062 874 ἤθελε,
2098 820 2345 870 βουλόμενος
2383 820 2448 872 τῇ.

97 896 291 950 ὑστεραίᾳ
317 894 516 949 πρότερος
556 896 627 947 τῆς
667 891 822 940 πόλεως
859 891 1091 947 χρήσασθαι
1127 896 1213 941 τοῖς
1249 896 1411 947 χρυσοῖς
1444 893 1640 946 χερνίβοις
1677 894 1742 932 καὶ
1780 892 2079 946 θυμιατηρίοις)
2114 892 2256 933 laudat
2289 889 2447 931 Moeris

100 970 296 1010 Atticista
322 982 360 1020 p.
392 971 481 1008 332.
549 968 760 1015 Πομπεῖα,
793 961 1012 1012 Ἀττικῶς,
1050 964 1101 1004 τὰ
1128 965 1374 1020 θυμιατήρια
1401 966 1467 1005 καὶ
1492 964 1566 1013 τὰς
1593 963 1798 1020 χέρνιβας,
1825 963 1879 1012 ὥς
1900 962 1961 1004 ’A
1969 964 2028 1004 νδ
2035 964 2117 1005 oxi
2126 964 2153 1003 δ
2162 978 2227 1018 ης.
2283 961 2445 1014 Sequor

100 1038 211 1080 enim
251 1041 523 1092 conjecturam
564 1037 625 1077 Ol.
668 1038 932 1077 Valckenarii
974 1038 1083 1089 apud
1109 1039 1314 1087 Pierson.,
1344 1052 1425 1090 qua
1462 1052 1536 1090 pro
1570 1039 1739 1090 vulgato
1776 1036 2029 1090 Θουκυδίδης
2064 1037 2166 1089 legit
2193 1032 2445 1086 Ἀνδοκίδης

96 1113 336 1152 Athenaeus
364 1112 488 1151 etiam
514 1109 591 1149 IX.
620 1124 657 1161 p.
687 1114 777 1150 408.
806 1111 858 1149 1).
886 1110 1062 1150 eundem
1088 1111 1224 1151 locum
1250 1110 1402 1151 laudat.
1451 1106 1633 1150 Ἀττικοὶ
1660 1108 1707 1150 δὲ
1732 1108 1930 1162 χερνίβων
1957 1105 2156 1160 λέγοωιν,
2192 1104 2247 1155 ὦς
2281 1103 2440 1152 Λυσίας

94 1180 137 1222 ἐν
166 1184 223 1235 τῷ
253 1180 353 1221 κατὰ
375 1178 665 1231 Ἀλκιβιάδου;
692 1182 776 1228 τοῖς
801 1182 962 1234 χρυσοῖς
988 1181 1199 1234 χερνιβίοις
1223 1182 1289 1220 καὶ
1316 1181 1606 1235 θυμιατηρίοις.
1662 1181 1777 1231 Quae
1804 1196 1858 1222 ex
1885 1195 1933 1222 66
1951 1181 2168 1233 descripsit
2189 1178 2440 1219 Eustathius

96 1254 147 1293 ad
176 1254 252 1293 Od.
281 1254 332 1293 A.
361 1267 398 1304 p.
431 1256 493 1292 33.
550 1251 634 1292 Sed
662 1252 902 1292 Athenaeus
929 1255 1149 1293 memoriae
1176 1255 1294 1305 lapsu
1320 1255 1494 1306 Lysiam
1520 1254 1705 1293 laudavit
1731 1267 1805 1305 pro
1831 1253 2060 1302 Andocide,
2088 1253 2193 1292 bene
2221 1251 2265 1291 id
2302 1249 2443 1290 obser·

93 1330 216 1365 vante
236 1325 446 1376 Tayloro.“
495 1321 564 1363 Sic
582 1324 871 1372 Ruhnkenius,
889 1324 985 1364 inde
1002 1324 1247 1365 concludens
1269 1325 1375 1365 hanc
1390 1325 1617 1365 orationem
1635 1325 1802 1365 minime
1821 1324 2021 1365 Phaeacis
2037 1337 2141 1372 6886,
2168 1327 2218 1364 ut
2235 1321 2441 1374 Taylorus

93 1397 379 1443 affirmaverat,
407 1395 452 1433 in
480 1408 602 1445 quem
629 1395 906 1434 Ruhnkenius
933 1395 1033 1435 haec
1061 1396 1235 1447 scripsit,
1265 1395 1336 1436 sed
1363 1395 1598 1436 Andocidis.
1655 1395 1760 1443 Sed,
1788 1400 1836 1435 ut
1871 1397 1954 1436 alia
1987 1396 2196 1442 omittam,
2234 1394 2328 1445 quis
2355 1405 2440 1432 non

90 1466 205 1508 videt
231 1480 354 1517 quam
380 1466 543 1518 fragilia
571 1470 613 1506 et
639 1466 780 1506 tenuia
808 1466 893 1506 sint
919 1466 1018 1507 haec
1044 1472 1297 1520 argumenta,
1325 1481 1455 1520 quum
1481 1472 1653 1520 utroque
1681 1467 1767 1508 loco
1785 1466 2012 1508 Andocidis
2037 1479 2190 1506 nomen
2207 1465 2442 1515 coniectura

89 1539 326 1577 restitutum
355 1538 419 1585 sit,
449 1538 509 1576 ita
535 1542 583 1576 ut
611 1538 810 1589 suspicari
838 1539 985 1578 saltem
1012 1538 1145 1587 liceat,
1172 1539 1268 1579 illos
1295 1540 1514 1591 scriptores
1551 1539 1663 1590 ipsos
1697 1552 1780 1579 non
1813 1539 1915 1579 satis
1951 1544 2060 1579 certe
2098 1538 2291 1585 scivisse,
2328 1534 2439 1575 1111116

87 1609 193 1648 1111111
220 1609 464 1649 vocabulum
492 1612 672 1658 πομπεῖα
703 1610 984 1660 sumpsissent.
1041 1609 1126 1650 Sed
1151 1610 1442 1659 concedamus,
1481 1610 1587 1650 hanc
1620 1610 1894 1661 conjecturam
1933 1623 2103 1661 prorsus
2140 1613 2250 1649 recte
2288 1608 2437 1647 factam

88 1693 189 1728 esse,
219 1681 317 1731 quid
344 1681 438 1720 inde
468 1681 679 1732 sequitur?
743 1680 864 1720 Certe
892 1681 998 1720 nihil
1026 1680 1139 1720 aliud
1166 1695 1290 1733 quam
1316 1681 1513 1721 Moeridis
1541 1686 1584 1721 et
1620 1681 1824 1721 Athenaei
1852 1681 2105 1733 temporibus
2132 1685 2317 1720 nostram
2344 1690 2434 1719 ora-

91 1752 244 1790 tionem
265 1753 352 1801 jam
381 1753 582 1791 Andocidi
610 1766 699 1791 esse
728 1752 934 1791 tributam.
991 1752 1110 1792 Vixit
1137 1758 1275 1793 autem
1301 1753 1456 1793 Moeris
1484 1766 1516 1793 6.
1547 1756 1625 1793 200
1653 1767 1692 1804 p.
1711 1752 1785 1793 Oh.
1814 1766 1854 1792 n„
1882 1758 1932 1793 ut
1949 1752 2140 1793 nonnulli
2164 1751 2436 1803 suspicantur,

89 1821 206 1874 (nam
233 1837 306 1873 pro
335 1828 442 1863 certo
471 1823 620 1863 habere
647 1823 690 1864 id
717 1837 800 1864 11611
817 1823 1063 1876 possumus),
1091 1824 1229 1876 itaque
1245 1823 1439 1876 perfacile
1457 1823 1548 1864 fieri
1566 1823 1711 1876 potuit,
1738 1828 1788 1864 ut
1805 1823 1948 1873 oratio,
1976 1822 2028 1863 ab
2047 1823 2127 1863 alio
2146 1821 2322 1875 quodam
2337 1832 2435 1861 con-

89 1892 240 1945 scripta
278 1894 372 1946 plus
410 1894 645 1948 quingentis
683 1894 803 1935 annis
838 1898 948 1947 post,
977 1895 1066 1947 jam
1102 1894 1178 1935 sub
1214 1894 1439 1935 Andocidis
1473 1895 1639 1935 1161111116
1675 1895 1862 1934 ferretur.
1926 1894 2085 1934 Eodem
2116 1894 2294 1946 pertinet
2328 1890 2436 1943 quod

88 1963 390 2016 Harpocration
418 1979 448 2005 s.
477 1980 516 2006 v.
541 1962 760 2016 Ἔμποδών
795 1972 838 2005 et
874 1962 1064 2018 εὐανδρία
1100 1968 1325 2007 orationem
1357 1971 1406 2006 ut
1442 1967 1667 2007 Andocidis
1699 1967 1863 2015 laudat,
1901 1980 2024 2019 quem
2056 1980 2109 2006 ex
2143 1965 2284 2006 eodem
2319 1964 2433 2003 fonte

85 2036 271 2074 hausisse
298 2038 372 2075 vix
400 2039 616 2088 quisquam
643 2040 867 2089 negaverit.

278 2108 450 2148 Praeter
476 2110 775 2150 Ruhnkenium
802 2109 1102 2151 Valckenarius
1140 2110 1307 2163 Taylori
1348 2110 1609 2153 adversarius
1647 2110 1809 2152 exstitit
1835 2109 2063 2152 orationem
2090 2105 2314 2150 Andocidis
2341 2118 2433 2148 6886

86 2176 327 2227 defendens,
356 2181 471 2231 cujus
500 2184 742 2233 argumenta
770 2194 897 2232 quum
923 2182 1102 2223 maxime
1129 2182 1174 2222 in
1202 2180 1427 2235 Taylorum
1460 2181 1687 2223 orationem
1714 2182 1893 2222 Phaeaci
1921 2181 2198 2222 vindicantem
2234 2178 2434 2230 disposita

87 2248 190 2296 sint,
229 2249 350 2289 liceat
378 2262 425 2289 ea
452 2252 560 2290 infra
587 2252 713 2291 latius
742 2253 922 2303 exsequi.
977 2253 1007 2292 J
1008 2265 1075 2292 am
1102 2254 1202 2292 satis
1230 2257 1294 2292 est
1308 2254 1511 2304 respicere
1530 2266 1603 2292 cur
1619 2253 1844 2293 Andocidis
1863 2266 1953 2292 esse
1972 2253 2195 2291 orationem
2212 2251 2433 2290 existimet.

88 2318 276 2358 Primum
303 2320 528 2371 legationes
558 2323 617 2362 ait
645 2336 748 2374 quae
776 2324 821 2362 in
849 2324 1032 2364 oratione
1059 2328 1361 2372 enumerentur,
1389 2324 1619 2364 Phaeacem
1647 2325 1875 2376 suscepisse
1902 2323 2155 2374 comprobari
2188 2333 2273 2361 non
2299 2333 2433 2372 posse,

88 2402 215 2441 quum
242 2391 500 2444 Thucydides
528 2394 703 2435 duarum
731 2397 819 2447 ejus
846 2396 1100 2448 legationum
1126 2396 1188 2449 (in
1215 2394 1401 2436 Siciliam
1428 2401 1471 2436 et
1497 2396 1683 2450 Italiam)
1711 2396 1962 2436 mentionem
1995 2393 2138 2442 faciat,
2176 2391 2434 2433 Andocidem

87 2463 184 2502 Vero
207 2462 286 2519 1168
313 2475 453 2504 61111168
481 2465 707 2518 legationes
736 2468 975 2519 suscepisse,
1003 2472 1108 2508 teste
1136 2472 1255 2520 putat
1276 2468 1345 2508 vel
1361 2468 1597 2508 adversario
1615 2469 1755 2521 Lysia,
1784 2469 1855 2519 qui
1874 2480 2003 2519 paene
2021 2465 2186 2506 easdem
2200 2465 2430 2517 legat-iones

87 2534 132 2572 in
159 2546 234 2572 sua
260 2535 441 2576 oratione
470 2543 691 2578 enumeret.
748 2537 906 2587 Quodsi
932 2539 1233 2581 concedendum
1261 2540 1326 2588 sit,
1355 2553 1451 2580 eum
1477 2554 1562 2580 non
1588 2541 1814 2592 legationes
1841 2540 2052 2580 nominare
2091 2537 2164 2578 sed
2197 2534 2434 2590 ὠτοδημίαν

89 2609 228 2645 tamen
256 2605 298 2645 id
325 2611 373 2646 ut
400 2608 445 2648 in
471 2609 705 2651 adversario
746 2623 878 2663 neque
905 2612 1058 2652 mirum
1083 2624 1216 2664 neque
1241 2612 1380 2664 magni
1402 2612 1602 2653 momenti
1620 2625 1721 2653 esse.
1775 2610 1979 2663 Equidem
1997 2610 2205 2659 confiteor,
2232 2623 2309 2651 nec
2324 2609 2437 2650 hunc

88 2689 220 2727 neque
257 2677 378 2717 illum
415 2693 556 2722 omnes
593 2683 689 2722 illas
725 2682 951 2735 legationes
986 2684 1214 2736 suscepisse
1250 2684 1384 2723 evinci
1416 2697 1558 2735 posse,
1592 2684 1635 2723 id
1672 2683 1779 2735 quod
1816 2683 1941 2723 etiam
1977 2682 2047 2722 Fr.
2082 2683 2265 2723 Vaterus
2292 2695 2437 2723 recens

88 2746 286 2787 Phaeacis
313 2757 591 2803 propugnator
617 2754 802 2794 concedit
827 2755 869 2794 id
896 2768 1027 2795 unum
1053 2755 1218 2805 addens,
1247 2768 1330 2795 non
1357 2768 1535 2806 aequum
1560 2769 1651 2796 esse
1677 2755 1897 2806 postulare,
1924 2759 1973 2794 ut
2008 2755 2086 2794 hae
2118 2754 2348 2806 legationes
2385 2754 2438 2795 ad

90 2831 216 2857 unam
243 2832 383 2860 omncs
412 2837 465 2862 ex
492 2839 631 2865 rerum
657 2826 731 2865 illo
758 2831 940 2877 tempore
968 2832 1177 2879 gestarum
1210 2827 1487 2868 monumentis
1515 2826 1858 2874 demonstrentur,
1885 2839 2014 2877 quum
2041 2826 2112 2867 vel
2139 2826 2190 2868 de
2217 2827 2359 2878 paucis
2393 2826 2437 2867 id

91 2889 234 2931 fecisse
263 2891 440 2934 sufficiat
447 2909 457 2943 ;
486 2910 607 2947 quem
635 2897 875 2939 historicum
902 2899 1013 2939 enim
1040 2912 1181 2940 omnes
1208 2899 1302 2940 illas
1329 2898 1557 2951 legationes
1578 2897 1806 2940 tradidisse.
1862 2896 1928 2938 De
1946 2896 2159 2939 Andocide
2177 2903 2317 2939 autem
2338 2898 2437 2939 illae

92 2960 317 3014 legationes
347 2964 480 3007 evinci
508 2980 677 3020 prorsus
704 2982 787 3010 non
814 2974 998 3022 possunt.
1044 2969 1164 3011 Licet
1190 2971 1300 3011 enim
1325 2970 1476 3023 Lysias
1503 2970 1702 3011 vocabulo
1729 2966 1962 3022 ἀποδημίας
1988 2970 2177 3009 consulto
2205 2971 2289 3011 odii
2316 2984 2440 3010 causa

92 3045 193 3074 USUB
220 3035 286 3087 δὴ)
314 3041 455 3083 tamen
482 3046 643 3081 constat
669 3054 722 3082 ex
749 3042 932 3083 oratione
958 3042 1186 3084 Andocidis
1209 3043 1340 3095 ipsius
1367 3043 1434 3096 (de
1469 3044 1613 3097 myst.)
1652 3055 1748 3083 eum
1777 3042 1854 3081 illa
1889 3043 1979 3083 sive
2015 3043 2167 3082 itinera
2201 3045 2291 3084 sive
2326 3043 2439 3096 lega-
