2711 3418
1236 257 1259 293 9

75 377 181 404 anno
208 362 373 403 habitus
402 360 457 399 sit
483 358 591 398 infra
618 360 845 399 accuratius
873 360 1237 411 perscrutabimur)
1267 373 1339 399 nec
1367 360 1504 400 minus
1533 360 1790 400 Alcibiadem
1818 361 1890 399 illa
1908 374 1951 400 re
1971 361 2175 412 illigatum
2199 366 2240 399 01
2257 360 2419 412 Hyper-

76 436 215 476 bolum
246 435 418 485 ejectum
447 443 546 470 esse.
603 429 754 469 Utrum
782 430 921 470 Nicias
955 444 1008 470 an
1035 431 1205 471 Phaeax
1233 445 1286 471 an
1313 436 1484 482 uterque
1514 445 1606 471 cum
1622 432 1834 472 Alcibiade
1865 431 2143 479 decertaverit,
2174 431 2284 470 haud
2303 432 2421 470 facile

76 506 291 558 quisquam
319 503 517 543 decernet.
573 500 722 541 Plures
743 513 864 553 quam
883 503 989 541 terni
1010 516 1092 542 non
1120 503 1238 542 facile
1267 503 1607 554 proponebantur,
1637 504 1736 554 quin
1765 517 1816 542 110
1846 503 1886 541 id
1915 503 2077 553 quidem
2106 510 2267 542 constat
2294 504 2425 542 trinos

78 560 237 629 semper
264 575 492 627 propositos
521 587 622 621 esse,
652 587 777 625 quum
807 575 1044 624 saepissime
1073 574 1122 613 de
1150 574 1258 631 binis
1287 588 1406 625 agere
1436 575 1625 621 solerent,
1654 574 1761 625 quod
1800 574 1903 612 mihi
1937 574 2099 624 quidem
2136 575 2200 613 illi
2235 576 2426 612 instituto

77 650 254 688 maxime
283 650 601 686 consentaneum
629 645 802 685 videtur.
859 643 941 684 Sed
969 649 1064 684 utut
1090 644 1165 685 hoc
1193 645 1281 693 fuit,
1311 645 1534 684 Andocidis
1564 645 1728 696 quidem
1756 645 1801 684 in
1829 644 1904 684 hac
1933 658 2054 684 causa
2082 659 2201 685 nemo
2244 659 2427 696 unquam

78 720 328 760 mentionem
355 716 463 764 fecit,
491 730 543 755 ne
571 717 659 767 ipse
688 716 852 767 quidem
879 717 924 755 111
951 716 1203 756 orationibus
1232 730 1332 767 quas
1367 722 1509 767 postea
1546 716 1708 765 habuit,
1745 717 1825 756 etsi
1861 731 1988 767 quum
2023 717 2178 768 aliquot
2215 716 2427 756 mensibus

78 795 171 843 post
198 788 374 830 Athenis
403 791 732 836 commoraretur,
762 788 916 827 crimen
953 791 994 828 et
1024 785 1226 840 judicium
1262 787 1452 839 effugisse
1491 787 1789 827 existimandus
1819 793 1938 827 esset.
2005 788 2206 840 Perpauci
2244 788 2309 826 illi
2348 788 2426 827 loci

78 874 178 913 quos
206 860 257 900 ad
285 872 379 899 eum
406 861 611 911 pertinere
639 859 831 898 nonnulli
857 859 1075 909 putabant,
1105 872 1187 897 non
1216 863 1300 896 tam
1328 859 1532 908 perspicui
1562 865 1659 897 sunt
1687 865 1734 897 ut
1761 873 1844 897 non
1873 859 1993 897 aliter
2021 860 2217 909 explicari
2251 860 2423 909 possint,

78 934 213 983 itaque
243 931 342 970 satis
371 935 479 970 certe
507 930 746 970 concludere
774 944 1004 981 possumus,
1033 934 1163 970 totam
1200 930 1321 969 istam
1361 929 1410 968 (10
1450 930 1687 969 ostracismo
1725 931 1927 970 actionem
1965 930 2013 968 ad
2051 930 2303 969 Andocidem
2343 943 2426 970 11011

79 1002 336 1056 pertinuisse,
366 1000 511 1053 quodsi
538 1013 683 1042 verum
712 1006 785 1051 031,
815 1001 905 1041 luce
933 1001 1084 1040 clarius
1113 1005 1291 1053 apparet,
1320 1000 1444 1051 hujus
1472 1001 1666 1038 orationis
1696 1006 1902 1039 auctorem
1931 1013 2024 1038 eum
2053 1014 2134 1038 11011
2162 1014 2262 1038 osse.

268 1073 365 1112 Jam
392 1085 490 1111 vero
519 1073 794 1123 quaerendum
824 1079 897 1120 est,
926 1074 1117 1123 quisnam
1135 1073 1359 1111 orationem
1388 1073 1622 1119 confecerit,
1651 1073 1978 1122 quandoquidem
2002 1079 2137 1111 exstat
2166 1087 2213 1111 ea
2241 1083 2281 1111 et
2312 1073 2423 1111 omni

80 1134 211 1184 colore
239 1146 407 1183 illorum
434 1149 665 1194 temporum
694 1146 869 1194 speciem
904 1158 1001 1194 prae
1040 1159 1084 1183 se
1121 1145 1211 1182 fert.
1273 1143 1393 1191 Quod
1426 1143 1674 1182 Plutarchus
1712 1143 1882 1183 tradidit
1919 1150 2081 1193 praeter
2113 1142 2272 1183 Niciam
2301 1143 2427 1183 etiam

79 1216 306 1254 Phaeacem
334 1228 426 1253 cum
453 1215 667 1253 Alcibiade
696 1215 745 1254 de
773 1216 1011 1254 ostracismo
1039 1216 1276 1262 decertasse,
1305 1214 1400 1254 inde
1430 1214 1657 1265 complures
1687 1215 1882 1265 suspicati
1911 1221 2018 1262 sunt,
2048 1214 2098 1254 ab
2126 1228 2174 1254 eo
2203 1214 2308 1255 hanc
2336 1227 2427 1254 ora-

81 1287 233 1326 tionem
261 1285 455 1337 scriptam
483 1298 583 1334 esse,
613 1285 734 1337 idque
762 1290 878 1325 tanta
906 1284 1089 1325 doctrina
1117 1298 1243 1338 eoque
1271 1285 1399 1324 animi
1427 1285 1613 1325 acumine
1642 1285 1827 1325 evincere
1856 1284 1990 1324 conati
2020 1290 2137 1333 sunt,
2177 1290 2225 1324 ut
2261 1297 2425 1324 accura-

79 1357 162 1397 tius
190 1369 331 1397 eorum
358 1361 599 1409 argumenta
626 1357 852 1396 examinari
880 1362 1074 1409 oporteat.

271 1427 433 1468 Horum
468 1428 625 1480 primus
654 1429 733 1468 fuit
764 1429 822 1476 is,
859 1441 980 1480 quem
1007 1429 1096 1480 jam
1130 1441 1253 1480 supra
1289 1428 1396 1476 dixi,
1434 1429 1473 1468 J.
1514 1428 1731 1480 Taylorus,
1773 1429 1843 1479 qui
1877 1429 1921 1466 in
1956 1428 2201 1467 lectionibus
2236 1428 2424 1480 Lysiacis

79 1498 192 1553 (Cap.
221 1499 307 1548 VI.,
337 1500 366 1551 §.
398 1503 475 1539 258
504 1499 564 1538 ed.
593 1499 764 1551 Reiske)
792 1499 897 1538 hanc
925 1501 1151 1539 orationem
1178 1514 1261 1539 non
1288 1500 1524 1546 Andocidis‚
1556 1500 1627 1538 sed
1653 1500 1849 1539 Phaeacis
1880 1513 1970 1538 esse
1999 1500 2219 1538 contendit.

272 1572 541 1620 Argumenta,
582 1572 729 1621 quibus
770 1573 1016 1610 sententiam
1050 1572 1222 1621 probare
1259 1578 1427 1611 conatus
1467 1578 1549 1619 est,
1578 1572 1676 1611 haec
1714 1577 1826 1611 sunt:
1855 1571 2013 1612 Locum
2042 1572 2163 1611 illum
2195 1570 2423 1622 Harpocra-

81 1642 223 1690 tionis,
261 1656 381 1694 quem
424 1657 548 1694 supra
591 1642 771 1683 diximus
816 1642 866 1683 ab
910 1642 1000 1694 ipso
1042 1642 1217 1696 Tayloro
1262 1641 1524 1683 emendatum
1562 1655 1663 1691 esse,
1702 1641 1760 1683 ita
1800 1646 1847 1682 ut
1889 1640 1996 1694 quod
2019 1642 2108 1694 jam
2136 1654 2276 1682 omncs
2315 1654 2422 1682 rece-

79 1718 230 1764 perunt
265 1727 339 1765 pro
377 1709 601 1766 ἐν,ἇνδρίᾳ
640 1709 830 1766 εἶτανδρίᾳ
863 1713 1077 1762 scriberet,
1113 1714 1221 1753 hunc
1258 1714 1394 1754 locum
1421 1714 1561 1766 paucis
1590 1714 1851 1761 transmittit,
1881 1714 2051 1764 paululo
2075 1714 2348 1761 festinantius,
2378 1719 2425 1751 ut

79 1784 182 1823 mihi
207 1784 382 1824 videtur.
441 1784 524 1824 Sed
552 1785 601 1824 de
629 1785 694 1824 his
734 1785 841 1823 infra
869 1786 1096 1824 accuratius
1125 1785 1352 1836 disputabo.
1409 1786 1569 1824 Deinde
1598 1792 1755 1832 censet,
1791 1785 2045 1824 Andocidem
2086 1798 2297 1835 nunquam
2332 1798 2424 1823 cum

80 1854 292 1895 Alcibiade
322 1861 364 1896 et
389 1855 508 1896 Nicia
535 1855 584 1920 Q
613 1857 849 1896 ostracismo
878 1861 1074 1904 certasse,
1104 1869 1184 1908 qua
1211 1857 1255 1896 in
1282 1870 1326 1896 re
1355 1869 1448 1896 cum
1484 1870 1530 1896 00
1572 1856 1859 1896 consentimus.
1928 1856 1957 1896 J
1959 1869 2026 1895 am
2063 1856 2237 1895 alt-erum
2273 1857 2427 1907 profert

79 1932 377 1977 argumentum,
406 1928 548 1979 utique
578 1927 678 1967 satis
706 1928 868 1967 mirum.
924 1927 1031 1966 Nam
1061 1932 1247 1979 spectans
1276 1929 1304 1979 §.
1337 1931 1387 1967 34
1416 1926 1451 1965 εἰ
1481 1927 1546 1965 δεῖ
1572 1925 1672 1964 κατὰ
1700 1924 1811 1977 γένος
1849 1929 2032 1971 σκοπεῖν,
2069 1924 2157 1975 ἐμοὶ
2194 1926 2265 1975 μὲν
2301 1923 2424 1965 οὖδα-

78 1994 209 2047 pedena
248 1996 435 2052 προςήκει
472 2001 546 2038 τοῦ
578 1997 832 2051 πράγματος,
863 1994 958 2038 οὐδὲ
986 1995 1096 2038 ἔστιν
1124 1994 1255 2045 οὐδεὶς
1282 1993 1394 2046 ὅστις
1423 1994 1473 2037 ἂν
1503 1995 1728 2047 ἇποδείξιιε
1757 2001 1836 2037 τῶν
1863 1995 2064 2051 ἡμετέρων
2083 1993 2227 2036 οὐδένα
2248 2000 2298 2053 τῇ
2323 2010 2423 2047 συμ-

81 2072 192 2121 φορᾷ
218 2069 344 2127 ταύτῃ
372 2069 639 2123 χρησάμενον,
662 2066 907 2126 Ἀλκιβιάδῃ
937 2069 982 2109 δὲ
1009 2068 1185 2120 μάλιστα
1203 2069 1363 2109 πάντων
1375 2067 1622 2124 Ἀθηναίων,
1653 2071 1875 2123 Taylorus:
1905 2069 2117 2119 „Secundo
2136 2072 2269 2122 inquit
2287 2076 2423 2110 autem

80 2140 249 2181 Phaeax
277 2143 520 2183 Erasistrati
547 2157 679 2194 neque
708 2143 826 2183 domo
855 2142 1073 2183 admodum
1100 2143 1272 2192 nobilis,
1312 2157 1444 2195 neque
1472 2142 1695 2194 majoribus
1723 2143 1879 2191 clarus,
1919 2148 2027 2183 recte
2062 2155 2127 2190 ea,
2166 2155 2267 2193 quae
2305 2141 2422 2190 dixit,

81 2213 225 2263 potuit,
253 2214 445 2266 proferre.
502 2213 616 2255 Gens
644 2214 888 2255 Erasistrati
914 2215 1074 2255 nullam
1101 2215 1146 2254 in
1173 2214 1283 2255 Vett.
1312 2214 1590 2255 monumentis
1619 2213 1862 2266 dignitatem
1899 2220 2113 2254 consecuta
2148 2219 2229 2261 est;
2264 2213 2423 2265 primus

82 2288 181 2333 erat,
211 2286 282 2336 qui
308 2286 555 2335 nobilitavit,
584 2291 723 2326 noster
750 2287 920 2325 Phaeax
948 2292 1048 2326 etc.“
1103 2286 1171 2325 Ad
1198 2286 1295 2325 haec
1318 2288 1407 2337 jam
1434 2287 1711 2325 Ruhnkenius
1751 2287 1929 2336 scripsit:
1968 2286 2214 2333 „Enimvero
2249 2286 2424 2324 nimium

81 2368 237 2405 causae,
265 2370 388 2408 quam
415 2362 659 2410 susceperat,
689 2357 870 2398 studium
897 2358 964 2398 1110
992 2359 1116 2398 etiam
1144 2364 1425 2398 transversum
1453 2360 1539 2410 egit
1566 2360 1702 2399 virum
1728 2359 2044 2398 doctissimum.“
2098 2355 2295 2408 Quisquis
2313 2356 2424 2396 enim

82 2426 134 2465 ad
159 2427 238 2467 loci
264 2428 379 2468 illius
407 2429 624 2469 lectionem
651 2442 733 2468 non
760 2434 1019 2480 praeceptam
1046 2430 1164 2468 affert
1191 2430 1422 2480 opinionem
1441 2432 1579 2470 statim
1609 2431 1825 2482 intelliget,
1854 2429 2054 2468 contraria
2081 2441 2127 2467 ac
2145 2428 2309 2468 diversa
2334 2441 2424 2468 esse

83 2509 141 2545 ea,
172 2510 276 2550 quae
303 2504 440 2540 orator
467 2500 576 2548 dicit,
606 2505 648 2539 et
666 2513 724 2548 ea,
755 2512 858 2552 quae
878 2500 1080 2552 Taylorus
1098 2500 1193 2539 inde
1213 2500 1289 2539 sibi
1309 2501 1467 2548 sumsit,
1497 2515 1594 2540 nam
1613 2506 1749 2540 orator
1766 2514 1848 2539 non
1867 2501 1974 2546 dicit,
2003 2512 2120 2538 suam
2139 2504 2305 2550 gentem
2329 2500 2422 2538 nul-

82 2566 167 2607 lam
203 2568 446 2621 dignitatem
481 2576 739 2611 consecutam
777 2585 887 2619 esse,
924 2571 996 2611 sed
1024 2586 1076 2612 ex
1104 2571 1325 2619 contrario,
1356 2585 1477 2611 suum
1505 2586 1635 2623 genus
1669 2571 1866 2623 ejusmodi
1895 2584 1994 2618 esse,
2025 2577 2071 2610 ut
2089 2583 2183 2610 cum
2209 2570 2424 2611 Alcibiade

84 2651 167 2677 non
193 2640 312 2681 modo
340 2643 567 2694 comparari
595 2657 677 2682 non
696 2648 867 2691 recuset,
897 2643 968 2683 sed
987 2644 1112 2683 etiam
1141 2656 1302 2694 sperare
1329 2644 1471 2693 possit,
1501 2657 1590 2683 sese
1617 2644 1865 2695 superiorem
1883 2656 1935 2682 ex
1963 2643 2036 2681 illa
2064 2643 2325 2682 contentione
2343 2641 2426 2682 (113-

83 2719 293 2750 cessurum
329 2724 429 2752 esse.
495 2712 579 2754 Sed
614 2714 827 2754 mittamus
865 2718 995 2754 totam
1035 2714 1140 2754 hanc
1176 2715 1592 2766 argumentationem,
1634 2728 1756 2766 quam
1792 2728 1875 2754 non
1910 2714 2050 2765 magni
2088 2727 2177 2753 csse
2215 2714 2425 2762 momenti,

82 2787 202 2819 nemo
229 2785 452 2833 negaverit.
1367 2788 1370 2791 ’

278 2852 551 2896 Transeamus
580 2857 631 2897 ad
658 2858 770 2898 aliud
807 2863 1105 2910 argumentum.
1168 2856 1328 2898 Laudat
1369 2856 1572 2909 'Paylorus
1609 2857 1744 2897 locum
1778 2856 2070 2909 Aristophanis
2107 2856 2325 2909 (Equitum
2361 2855 2425 2903 V„

88 2922 207 2974 1374)
235 2923 307 2963 ubi
334 2925 383 2966 de
409 2926 595 2969 Phaeace
623 2930 722 2971 haec
749 2935 862 2969 sunt:

733 2999 863 3053 σοφὸς
890 3005 923 3052 γ’
952 2998 975 3041 ὂ
1006 3000 1137 3049 Φαίαξ
1165 3000 1300 3049 δεξιῶς
1326 3000 1361 3038 τ’
1392 2995 1461 3039 οὔκ
1489 2996 1682 3040 ἀπέθανε.

731 3070 986 3127 Συνερκτικὸς
1012 3071 1088 3127 γάρ
1116 3069 1221 3120 ἐστι,
1250 3071 1315 3110 καὶ
1341 3069 1596 3126 περαντικὸς,
