2711 3418
1354 256 1379 299 4

185 367 339 406 liberae
369 367 609 415 evaderent,
653 367 795 407 statim
823 381 897 408 nos
927 372 1064 408 orator
1092 369 1135 408 in
1161 367 1338 408 mediam
1366 380 1454 408 rem
1481 367 1658 416 inducit,
1702 367 1850 407 doeens
1889 367 1965 408 hoe
2004 373 2210 408 certamen
2247 380 2336 407 esse
2364 367 2472 406 inter
2500 378 2543 404 se

184 440 321 489 ipsum
352 444 393 478 et
422 438 679 478 Alcibiadem
707 444 749 478 et
776 439 959 487 Niciam,
996 454 1170 491 quorum
1210 454 1339 480 unum
1368 440 1548 490 aliquem
1583 440 1707 479 exilio
1746 439 1885 479 decem
1924 452 2125 480 annorum
2162 439 2352 479 mulctari
2379 450 2543 478 necesse

186 511 251 548 sit.
318 510 473 548 Allatis
511 509 657 548 deinde
694 511 909 550 nonnullis
947 511 1097 561 quibus
1132 511 1236 551 illud
1272 510 1589 551 Atheniensium
1625 511 1865 550 institutum
1904 512 2155 560 ostracismi‚
2192 524 2313 562 quem
2345 508 2546 551 vocabant

185 582 459 632 vituperaret,
498 595 602 632 quae
630 581 733 622 mihi
761 582 946 633 quidem,
976 588 1024 623 ut
1051 583 1160 623 infra
1188 582 1415 624 accuratius
1444 581 1676 635 explicabo,
1720 595 1805 622 non
1841 581 1942 622 satis
1980 587 2075 635 apta
2104 586 2146 623 et
2172 580 2456 623 convenientia
2482 580 2545 620 vi-

185 651 351 699 dentur,
382 652 536 703 pergit,
566 665 639 692 eur
666 652 747 703 ipsi
778 665 903 693 eausa
931 653 1102 695 dicenda
1131 656 1195 695 sit.

381 724 487 763 Esse
516 737 559 763 se
588 728 824 765 accusatum
861 726 1032 766 crimine
1067 727 1192 767 alieni
1232 740 1256 767 a
1293 725 1481 778 populari
1508 738 1631 766 causa
1658 725 1786 765 animi
1828 724 2088 779 (μισοδημία)
2125 730 2167 766 et
2194 725 2319 766 studii
2346 736 2547 765 novarum

184 809 322 835 rerum
351 794 652 847 (στασιωτεῖαι),
682 801 905 847 utrumque
935 802 1073 837 autem
1102 799 1283 838 affirmat
1304 800 1391 850 jam
1420 798 1649 838 confectum
1677 810 1787 846 esse,
1817 810 1945 849 quum
1972 796 2115 839 eodem
2142 797 2311 838 crimine
2333 798 2421 849 jam
2448 808 2546 848 qua-

183 872 247 906 ter
274 867 319 905 in
341 868 412 917 jus
442 872 613 906 vocatus
642 868 754 907 omni
783 868 905 919 culpa
935 867 1134 909 liberatus
1164 869 1229 910 sit.

380 936 410 977 J
412 950 479 977 am
507 938 659 978 transit
687 937 740 979 ad
767 938 809 978 id
838 939 945 991 quod
974 940 1102 981 totius
1131 940 1326 981 orationis
1355 940 1473 992 quasi
1501 951 1662 980 summa
1698 943 1741 980 et
1777 944 1900 991 eaput
1938 944 2027 988 est,
2069 939 2121 979 ad
2158 939 2428 979 incusandum
2469 938 2544 976 Al-

182 1008 393 1049 cibiadem.
468 1009 598 1049 Illum
645 1023 734 1050 esse
777 1024 860 1051 non
901 1012 1041 1052 minus
1092 1017 1255 1064 propter
1307 1009 1469 1051 morum
1515 1012 1763 1063 pravitatem
1802 1011 2088 1050 detestabilem
2134 1025 2256 1063 quam
2301 1009 2548 1060 reipublicae

182 1081 471 1132 periculosum.
531 1080 694 1133 Quippe
722 1083 842 1121 illum
871 1084 1031 1122 civibus
1061 1085 1326 1134 persuasisse,
1354 1090 1402 1122 ut
1430 1085 1632 1123 sociorum
1660 1083 1817 1122 tributa
1841 1083 2109 1133 duplicarent,
2139 1097 2265 1133 eoque
2294 1083 2474 1121 effecisse
2502 1085 2550 1119 ut

183 1165 326 1190 eorum
354 1152 482 1190 animi
512 1153 563 1191 ab
593 1154 919 1193 Atheniensibus
949 1155 1292 1194 abalienarentur.
1347 1155 1568 1194 Praeterea
1596 1168 1691 1194 eum
1718 1151 1926 1206 permulta
1953 1154 2194 1194 documenta
2223 1153 2438 1204 superbiae
2465 1165 2549 1191 non

181 1222 372 1262 ferendae
402 1222 599 1272 edidisse,
629 1224 747 1265 velut
774 1225 818 1265 in
847 1224 1026 1266 Calliam
1053 1226 1196 1266 uxoris
1224 1226 1414 1274 fratrem,
1445 1226 1561 1278 cujus
1590 1225 1717 1267 etiam
1744 1225 1855 1266 vitae
1882 1225 2054 1265 insidias
2084 1225 2327 1271 struxisset,
2366 1223 2410 1262 in
2437 1222 2548 1275 Aga-

183 1293 402 1334 tharchum
429 1294 638 1346 pictorem,
669 1308 791 1348 quem
810 1297 990 1338 invitum
1012 1297 1056 1339 vi
1074 1298 1315 1338 retinuisset
1331 1301 1373 1338 et
1388 1298 1599 1351 coegisset,
1628 1301 1676 1337 ut
1699 1296 1844 1337 domus
1857 1308 1955 1336 suae
1983 1297 2179 1336 interiora
2197 1297 2356 1347 pictura
2373 1298 2547 1340 ornaret,

182 1366 227 1406 in
256 1366 460 1408 Tauream
488 1368 714 1419 quendam,
749 1375 872 1420 quem
900 1370 981 1409 sibi
1008 1371 1218 1410 aemulum
1246 1370 1486 1411 verberibus
1529 1382 1554 1409 a
1589 1369 1766 1422 publicis
1805 1369 1916 1408 ludis
1954 1369 2185 1407 amovisset.
2252 1366 2550 1406 Foedissimam

182 1443 322 1477 autem
350 1440 766 1491 scelestissimamque
796 1442 1033 1481 societatem
1062 1456 1156 1482 eum
1195 1443 1337 1482 iniisse
1374 1455 1467 1482 cum
1494 1441 1623 1482 Melia
1658 1442 1832 1482 muliere
1861 1439 2058 1491 quadam,
2099 1453 2151 1479 ex
2185 1452 2265 1490 qua
2307 1452 2433 1490 quum
2459 1438 2548 1490 ipse

181 1510 428 1550 evertendae
457 1512 546 1562 ejus
574 1511 732 1562 patriae
761 1518 902 1552 auctor
931 1512 1100 1561 fuisset,
1142 1513 1277 1554 filium
1314 1518 1455 1554 contra
1503 1526 1625 1565 quam
1663 1513 1734 1565 jus
1763 1516 1805 1553 et
1832 1511 1894 1552 fas
1922 1515 2032 1551 esset
2061 1514 2324 1562 procreasset.
2388 1509 2456 1548 Ex
2483 1508 2548 1548 his

181 1580 305 1620 rebus
335 1582 436 1621 satis
466 1594 662 1633 apparere
691 1595 786 1622 eum
823 1596 951 1634 quum
979 1584 1118 1635 palam
1153 1597 1197 1623 se
1225 1585 1464 1636 popularem
1491 1584 1713 1636 populique
1750 1584 1954 1623 fautorem
1992 1583 2188 1633 jactaret,
2235 1586 2277 1620 et
2313 1582 2422 1620 cives
2465 1581 2548 1619 sin-

181 1652 302 1705 gulos
340 1652 548 1704 despicere
598 1658 640 1693 et
690 1653 885 1702 illudere,
933 1667 1067 1706 neque
1105 1656 1352 1707 reipublicae
1389 1657 1503 1708 leges
1543 1669 1595 1695 ne
1636 1656 1808 1695 minima
1849 1654 2015 1706 quidem
2068 1653 2299 1693 reverentia
2345 1653 2546 1704 prosequi.

181 1724 374 1764 Eundem
402 1725 515 1764 enim
544 1724 764 1776 Olympiae
793 1739 909 1765 sacra
936 1740 1038 1766 vasa
1065 1727 1230 1778 publica
1258 1728 1308 1766 ab
1331 1728 1597 1767 architheoris
1622 1733 1857 1767 mutuatum
1885 1726 2106 1766 constituto
2135 1730 2316 1775 tempore
2343 1738 2426 1764 non
2454 1723 2545 1764 red-

181 1795 354 1843 didisse,
396 1796 467 1835 sed
502 1809 577 1846 pro
606 1797 692 1836 suis
720 1798 765 1836 in
794 1798 956 1838 solenni
998 1811 1149 1849 pompa
1188 1812 1285 1849 prae
1321 1812 1364 1839 se
1403 1799 1570 1847 tulisse,
1608 1799 1668 1838 ita
1704 1803 1753 1839 ut
1785 1797 2066 1838 Athenienses
2105 1796 2250 1836 ceteris
2280 1795 2448 1836 Graecis
2477 1795 2547 1846 qui

180 1865 353 1905 aderant
380 1866 558 1906 ludibrio
588 1872 631 1907 et
658 1867 812 1908 derisui
840 1874 998 1916 essent,
1041 1868 1217 1909 eundem
1253 1869 1311 1909 ibi
1337 1870 1382 1909 in
1411 1870 1541 1910 socios
1568 1871 1627 1910 ita
1655 1882 1699 1910 se
1727 1869 1925 1921 gessisse,
1962 1872 2011 1907 ut
2045 1880 2129 1906 non
2156 1867 2258 1906 civis
2287 1867 2396 1912 inter
2423 1867 2546 1914 cives,

181 1936 254 1977 sed
282 1936 473 1977 dominus
501 1938 611 1978 inter
639 1937 825 1979 subditos
854 1940 1012 1980 versari
1047 1939 1269 1980 videretur.
1326 1938 1487 1990 Quibus
1524 1940 1573 1980 de
1608 1941 1743 1980 causis
1780 1953 1865 1979 non
1900 1952 1944 1978 se
1985 1939 2140 1989 ipsum,
2182 1937 2253 1975 sed
2297 1937 2418 1976 illum
2459 1937 2546 1988 dig-

181 2022 283 2047 num
312 2022 423 2057 esse,
453 2011 524 2060 qui
553 2010 679 2050 exilio
708 2011 847 2051 decem
876 2025 1080 2052 annorum
1107 2013 1364 2052 multaretur.
1436 2010 1556 2061 Quod
1595 2013 1770 2052 attineat
1817 2011 1869 2052 ad
1908 2011 2123 2060 utriusque
2161 2013 2345 2061 gentem,
2383 2008 2547 2049 nullum

185 2093 238 2119 ex
269 2081 355 2119 suis
386 2080 611 2132 majoribus
650 2095 834 2133 unquam
874 2084 958 2124 tale
987 2084 1211 2136 quidquam
1239 2089 1455 2136 expertum
1483 2097 1592 2133 esse,
1635 2084 1679 2124 in
1715 2083 1945 2125 Alcibiadis
1982 2086 2121 2122 autem
2157 2084 2277 2133 gente
2315 2081 2544 2132 antiquitus

180 2151 436 2191 inveterasse
471 2152 596 2191 istam
632 2154 809 2193 multam
847 2159 890 2194 et
931 2156 1049 2207 quasi
1087 2156 1340 2207 gentiliciam
1379 2168 1492 2203 esse,
1529 2168 1627 2195 nam
1672 2161 1715 2195 et
1741 2160 1975 2195 maternum
2003 2157 2045 2193 et
2072 2156 2290 2204 internum
2317 2165 2442 2192 avum
2469 2152 2544 2191 AJ-

179 2222 350 2261 cibiadis
380 2236 403 2261 e
432 2224 567 2274 patria
595 2224 695 2263 olim
725 2227 873 2276 ejectos
902 2241 1004 2267 esse.

375 2295 444 2335 Ad
472 2300 705 2337 extremum
733 2298 939 2339 Alcibiadi
966 2298 1230 2351 potissimum
1257 2311 1348 2339 eam
1373 2297 1550 2339 multam
1578 2311 1668 2339 esse
1695 2297 1976 2351 aptissimam,
2018 2295 2168 2347 quippe
2206 2294 2276 2346 qui
2316 2294 2397 2334 alio
2423 2292 2544 2333 modo

178 2364 222 2404 in
244 2365 316 2416 jus
344 2367 481 2406 vocari
509 2373 712 2419 nequeat,
748 2383 876 2420 quum
903 2370 976 2410 ille
1005 2383 1172 2411 causam
1199 2370 1332 2410 dicere
1360 2370 1493 2410 adhuc
1521 2375 1594 2410 aut
1620 2371 1890 2417 recusaverit,
1919 2373 1992 2408 aut
2019 2367 2221 2407 sodalium
2250 2373 2291 2406 et
2319 2367 2540 2406 amicorum

179 2449 255 2486 ope
286 2451 375 2476 sese
404 2439 621 2489 eripuerit,
651 2442 740 2490 ipse
768 2455 866 2481 vero
882 2473 892 2488 ,
921 2442 1030 2491 quod
1064 2456 1189 2492 supra
1216 2444 1300 2492 jam
1337 2443 1493 2482 dictum
1520 2448 1604 2491 est,
1633 2447 1778 2493 quater
1799 2443 1888 2493 jam
1915 2441 1966 2481 ab
1990 2438 2197 2492 judicibus
2226 2437 2437 2479 absolutus
2476 2439 2543 2479 sit.

177 2508 267 2548 Sub
309 2511 436 2549 finem
474 2513 672 2552 orationis
710 2527 785 2552 sua
823 2515 868 2553 in
906 2514 1205 2565 rempublicam
1243 2515 1441 2555 beneficia
1482 2520 1695 2555 enumerat
1731 2520 1774 2554 et
1811 2517 1975 2560 narrat,
2018 2524 2062 2551 se
2096 2509 2279 2561 legatum
2306 2510 2469 2551 venisse
2496 2510 2542 2551 in

176 2580 456 2630 Thessaliam,
485 2582 789 2633 Macedoniam,
830 2584 1090 2635 Molossiam‚
1126 2586 1434 2638 Thesprotiam,
1469 2586 1655 2635 Italiam,
1692 2584 1901 2634 Siciliam,
1943 2587 1985 2624 et
2020 2593 2258 2634 quocunque
2286 2581 2470 2622 venisset
2498 2594 2541 2623 se

174 2652 242 2693 vel
270 2652 443 2694 infestos
471 2655 775 2706 reconciliasse,
818 2657 887 2698 vel
915 2670 1045 2699 novos
1074 2658 1204 2699 socios
1234 2658 1559 2700 Atheniensibus
1598 2657 1857 2710 adjunxisse,
1896 2656 1966 2696 vel
2005 2654 2107 2693 alios
2145 2653 2195 2691 ab
2230 2653 2416 2692 hostibus
2446 2653 2540 2693 abar

171 2724 370 2773 lienasse;
401 2726 576 2778 denique
606 2741 649 2766 se
678 2741 751 2779 pro
781 2731 867 2768 suis
894 2730 1162 2769 facultatibus
1191 2731 1487 2781 rempublicam
1515 2731 1722 2782 adjuvisse
1750 2736 1792 2770 et
1819 2731 1865 2768 in
1892 2729 2002 2768 ludis
2031 2725 2205 2777 publicis
2234 2720 2444 2776 (εῧιινδρίᾳ
2474 2725 2541 2763 καὶ

172 2794 357 2845 λαμπάδι
386 2798 451 2836 καὶ
478 2799 719 2851 τραγῳδοῖς)
748 2801 947 2841 victorem
975 2802 1114 2841 fuisse.

368 2868 482 2910 Haec
520 2872 605 2913 fere
642 2878 759 2921 sunt,
796 2886 901 2925 quae
938 2874 1123 2915 oratione
1162 2879 1303 2915 nostra
1350 2874 1634 2924 continentur,
1683 2887 1807 2926 quam
1834 2873 1880 2912 in
1907 2868 2162 2911 Alcibiadem
2201 2870 2394 2922 scriptam
2435 2883 2537 2919 esse,

170 2953 291 2979 nemo
319 2942 508 2992 negabit,
538 2945 670 2984 multo
700 2945 909 2986 difficilius
938 2951 1002 2986 est
1031 2946 1082 2985 ad
1111 2944 1437 2997 dijudicandum,
1468 2946 1560 2997 quis
1588 2959 1679 2986 eam
1707 2944 1928 2996 scripserit.

368 3010 508 3062 Quum
536 3015 581 3055 in
610 3018 793 3058 oratione
823 3019 913 3070 ipsa
942 3017 1176 3059 Andocides
1204 3031 1337 3069 neque
1365 3031 1487 3058 suum
1514 3030 1647 3069 neque
1675 3018 1917 3069 cujusquam
1936 3028 1988 3054 ex
2009 3014 2094 3053 suis
2113 3026 2262 3052 nomen
2282 3014 2537 3065 profiteatur,

168 3082 350 3133 primum
377 3085 481 3126 mihi
519 3089 799 3139 quaerendum
829 3103 920 3132 esse
948 3090 1134 3139 videtur,
1175 3089 1267 3141 quis
1298 3089 1521 3130 Andocidis
1548 3103 1639 3130 eam
1668 3103 1779 3137 esse,
1814 3088 1933 3128 nobis
1968 3085 2193 3126 tradiderit.
2259 3085 2457 3137 Legimus
2491 3086 2535 3126 in
