2711 3418
1270 243 1295 280 5

112 359 350 406 argumento
378 351 592 392 orationis:
617 346 865 402 Ἀνδοκίδης
901 349 1152 399 Αλκιβιάδου
1181 353 1391 403 κατηγορεῖ
1424 355 1498 390 τοῦ
1527 352 1712 390 Κλεινίου
1739 357 1833 399 etc.,
1864 366 1990 402 quum
2018 366 2114 391 vero
2144 351 2235 402 quis
2264 351 2363 390 haec
2391 365 2454 390 ar·

109 430 303 477 gumenta
331 424 539 476 scripserit
566 435 734 473 prorsus
762 423 947 474 ignotum
975 423 1049 470 sit,
1078 436 1161 462 non
1180 423 1358 462 multum
1385 423 1479 462 inde
1507 423 1745 463 concludere
1780 436 2008 474 possumus.
2062 423 2285 463 Praeterea
2313 436 2455 474 super·

109 504 206 536 sunt
233 497 349 537 nobis
378 500 562 536 auctores
589 493 764 532 Photius
793 500 834 533 et
862 495 1177 545 Harpocration,
1207 508 1379 545 quorum
1406 495 1581 534 Photius
1609 497 1766 546 primus
1795 501 1970 545 quatuor
1998 495 2220 534 Andocidis
2249 495 2454 534 orationes

108 569 248 619 quales
275 581 384 608 nunc
412 570 577 607 exstant
604 566 828 603 recensuit:
860 566 902 615 1)
930 566 1020 615 περὶ
1046 565 1281 617 μυστηρίων,
1309 566 1353 616 2)
1382 566 1473 617 περὶ
1498 569 1569 617 τῆς
1597 563 1744 605 ἑαυτοῦ
1771 565 1972 611 καθόδου,
2006 567 2049 618 3)
2078 566 2262 618 περὶτῆς
2285 564 2453 618 εῖρήνης,

106 640 150 692 4)
180 641 265 677 κατ’
288 637 572 687 Ἀλκιβιάδου,
601 636 899 687 Harpocration
924 643 1061 677 autem
1083 637 1159 677 sub
1180 651 1277 678 voce
1298 633 1500 690 Εὖανδρία
1511 638 1572 691 *):
1602 635 1917 691 Παναθηναίοις,
1948 637 2089 678 scribit
2103 632 2331 690 Εὗανδρίας
2349 636 2455 688 ἄγων

104 708 231 764 ἤγετο.
281 708 585 760 Ἀνδοκίδης
615 707 649 745 δ’
680 704 727 746 ἐν
755 711 821 759 τῷ
849 710 950 747 κατ’
982 708 1318 757 Ἀλκιβιάδου
1347 708 1506 761 δηλοῖ.
1564 710 1734 750 Praeter
1772 710 1847 750 hos
1887 711 1987 749 duos
2018 711 2223 749 neminem
2250 711 2439 749 invenies

106 784 176 834 qui
205 788 386 823 nostram
409 781 635 822 orationem
656 781 933 820 Andocideam
952 781 1169 821 vocaverit.
1224 780 1331 820 Nam
1353 781 1460 831 quod
1482 781 1729 821 Plutarchus
1752 782 1797 820 in
1825 782 1913 821 vita
1941 780 2075 821 decem
2107 787 2314 822 oratorum
2344 782 2453 820 inter

102 855 280 906 quinque
307 854 521 899 orationes,
551 865 651 902 quas
680 852 903 891 Andocidis
931 858 1160 898 enumerat,
1190 853 1314 892 etiam
1339 848 1559 902 ἇπολογίαν
1586 851 1687 902 πρὸς
1718 853 1882 890 Φαίακα
1910 859 2113 900 recenset,
2143 852 2237 892 inde
2262 853 2451 893 concludi

100 938 183 963 non
211 929 367 975 potest,
397 925 521 963 etiam
549 924 819 962 Plutarchum
847 930 1029 963 nostram
1058 925 1282 963 orat-ionem
1309 922 1511 963 Andocidi
1550 922 1752 964 tribuisse.
1820 923 1997 963 Restant
2036 924 2161 975 igitur
2201 924 2378 964 Photius
2407 931 2449 964 et

99 996 419 1047 Harpocration,
450 1008 622 1045 quorum
651 995 826 1035 alterum
855 996 990 1035 seculo
1017 1008 1124 1035 110110
1161 1009 1198 1046 p.
1237 993 1308 1035 Oh.
1338 993 1542 1047 (mort-uus
1571 1000 1633 1034 est
1661 994 1758 1046 891)
1788 995 1944 1034 vixisse
1974 996 2074 1034 satis
2103 1001 2280 1043 constat,
2325 997 2442 1040 alter,

101 1072 299 1117 quantum
328 1066 370 1107 id
397 1066 537 1117 liquet,
568 1065 704 1105 seculo
733 1071 876 1117 quarto
905 1080 942 1118 p.
973 1065 1046 1107 Ch.
1076 1066 1230 1106 vixisse
1258 1066 1441 1114 videtur,
1470 1067 1528 1105 ita
1557 1072 1603 1105 ut
1630 1067 1848 1105 intervallo
1877 1080 2079 1105 annorum
2106 1068 2323 1105 minimum
2353 1081 2445 1106 sex-

98 1143 308 1178 centorum
336 1138 576 1189 interposito
615 1142 760 1177 neuter
788 1138 905 1177 tostis
935 1138 1035 1177 satis
1062 1138 1244 1188 locuples
1283 1139 1581 1177 existimandus
1621 1140 1684 1175 sit.
1740 1139 1884 1188 Itaque
1922 1139 2067 1176 horum
2109 1140 2292 1177 virorum
2329 1140 2446 1178 testi-

97 1209 252 1256 monia,
281 1209 363 1247 nisi
390 1209 441 1247 iis
470 1208 624 1247 accedit
652 1209 947 1248 commendatio
977 1222 1028 1247 ex
1055 1210 1125 1255 iis,
1155 1222 1257 1259 quae
1286 1222 1337 1247 ex
1366 1210 1547 1247 oratione
1577 1210 1664 1259 ipsa
1693 1210 1741 1248 de
1771 1211 1967 1259 scriptore
1998 1215 2068 1248 aut
2096 1209 2145 1249 de
2165 1215 2347 1261 tempore
2367 1224 2447 1261 quo

96 1280 235 1318 habita
264 1281 317 1317 sit
344 1281 645 1330 intelliguntur,
675 1295 758 1319 non
787 1281 925 1331 mag-ni
953 1281 1148 1320 momenti
1176 1294 1285 1325 esse,
1315 1280 1406 1331 quis
1435 1294 1517 1320 11011
1548 1280 1779 1331 intelligat?
1824 1280 2048 1320 Videamus
2073 1280 2210 1332 igitur,
2241 1294 2341 1320 num
2359 1281 2447 1319 An-

97 1351 256 1391 docides
285 1352 388 1391 hanc
417 1352 643 1391 orationem
672 1351 847 1392 scribere
876 1352 1066 1404 potuerit.

290 1423 351 1464 Ac
378 1423 480 1463 mihi
519 1424 772 1475 perquirenti
809 1424 957 1475 quibus
995 1424 1044 1464 de
1073 1425 1206 1464 causis
1234 1424 1275 1464 id
1302 1425 1393 1465 fieri
1421 1436 1503 1463 non
1531 1424 1730 1474 potuerit,
1759 1424 1880 1462 liceat
1909 1425 2048 1474 paucis
2079 1430 2200 1462 antea
2229 1425 2443 1475 attingere,

96 1494 242 1545 quibus
270 1495 371 1533 viris
400 1495 528 1533 doctis
557 1496 667 1535 idem
695 1497 832 1534 visum
861 1497 925 1533 sit.
981 1496 1148 1535 Primus
1176 1497 1378 1548 Taylorus
1405 1497 1449 1534 in
1477 1495 1719 1534 lectionibus
1747 1494 1936 1545 Lysiacis
1964 1495 2069 1535 hanc
2098 1496 2325 1536 orationem
2355 1496 2441 1536 Au-

95 1565 225 1604 docidi
254 1566 520 1616 abjudicavit,
563 1569 742 1618 primum
770 1567 876 1618 quod
905 1567 1156 1615 Andocides,
1196 1572 1396 1618 quantum
1424 1580 1475 1607 ex
1504 1566 1698 1606 historiae
1725 1566 2003 1606 monumentis
2031 1566 2209 1617 liqueret
2236 1570 2446 1618 nunquam

94 1648 186 1674 cum
214 1636 424 1677 Alcibiade
453 1643 494 1677 et
521 1638 639 1678 Nicia
667 1638 715 1679 de
744 1639 981 1679 ostracismo
1009 1639 1274 1687 decertasset;
1303 1638 1449 1678 deinde
1471 1651 1553 1677 11011
1574 1651 1664 1677 eam
1692 1638 1817 1676 fuisse
1838 1637 2041 1676 Andocidi
2066 1639 2226 1688 generis
2251 1639 2445 1678 conditio-

92 1720 211 1755 nem,
240 1713 286 1747 ut
313 1709 428 1748 illam
456 1709 600 1750 domus
630 1724 727 1750 suae
756 1710 1043 1750 obscuritatem
1070 1710 1224 1762 liquido
1253 1711 1457 1749 affirmare
1485 1715 1632 1760 posset,
1663 1710 1731 1759 qui
1760 1709 1857 1748 alibi
1887 1710 2067 1748 nominis
2095 1710 2159 1747 sui
2187 1710 2443 1760 splendorem

97 1778 246 1828 jactare
276 1780 424 1819 soleret
453 1780 599 1833 (καίτοι
630 1778 700 1820 οὐκ
727 1778 885 1827 ὄνειδος
911 1779 1003 1829 ὑμῖν
1031 1778 1138 1819 ἐστιν
1166 1779 1189 1833 ἦ
1221 1778 1470 1819 Ἀνδοκίδου
1499 1782 1564 1818 καὶ
1591 1779 1804 1832 Λεωγόρου
1833 1780 1941 1818 οἰκία
1971 1775 2094 1832 οὖσα)
2133 1782 2201 1831 qui
2243 1783 2442 1832 majorum

96 1861 161 1887 res
189 1854 344 1899 gestas,
374 1851 430 1901 (οἳ
458 1851 651 1897 πλείστας
678 1852 749 1900 μὲν
787 1852 1129 1904 στρατηγήσαντες
1158 1852 1419 1903 στρατηγίας,
1446 1850 1578 1890 πολλὰ
1613 1849 1791 1902 τρόπαια
1818 1854 1897 1890 τῶν
1923 1850 2123 1900 πολεμίων
2150 1851 2215 1890 καί
2243 1851 2344 1890 κατὰ
2372 1856 2443 1905 γῆν

97 1918 163 1955 καί
191 1918 292 1957 κατὰ
320 1920 531 1960 θάλατταν
557 1920 649 1971 ὑμῖν
677 1920 899 1970 ὑπέδειξαν,
927 1923 1117 1969 πλείστας
1145 1922 1191 1962 δὲ
1218 1919 1353 1974 ξᾶλλας
1380 1919 1505 1975 ἇρχὰς
1534 1920 1742 1974 ἄρξαιτες)
1786 1924 1856 1973 qui
1894 1922 2068 1974 denique
2095 1922 2298 1962 Mercurio
2328 1930 2441 1964 satus

96 1990 259 2041 generis
288 1992 351 2031 sui
379 2006 581 2034 summam
610 2000 651 2034 et
678 1995 912 2047 religiosam
940 1995 1227 2046 antiquitatem
1253 1993 1376 2047 (οἰκία
1405 1994 1452 2032 δὲ
1479 1995 1618 2032 πασῶν
1646 1989 1891 2045 ἀρχαιοτάτη
1935 1994 2000 2031 καὶ
2041 1993 2247 2045 κοινοτάτη
2277 1990 2339 2030 ἇεὶ
2364 1997 2443 2031 τῶν

97 2058 325 2115 δεομένων).
382 2064 520 2105 Tertio
549 2071 686 2106 autem
714 2067 986 2114 Andocidem,
1021 2072 1068 2106 ut
1103 2080 1153 2105 ex
1187 2067 1315 2118 Lysia
1350 2071 1585 2117 appareret,
1627 2065 1834 2112 Siciliam,
1875 2066 2058 2112 Italiam,
2100 2065 2439 2116 Peloponnesum,

94 2132 365 2181 Thessaliam,
396 2136 733 2188 Hellespontum,
762 2139 948 2185 Joniam,
979 2138 1163 2190 Cyprum
1181 2151 1439 2189 peragrasse,
1469 2137 1541 2177 sed
1569 2138 1797 2188 priva-tum,
1829 2137 1898 2176 sed
1928 2137 1971 2177 in
2000 2132 2225 2189 ἀποδημίᾳ,
2255 2142 2440 2177 nostrum

95 2207 232 2242 autem
259 2204 303 2243 in
322 2206 552 2256 Thessalia,
583 2209 841 2256 Macedonia,
870 2209 1084 2256 Molossia,
1115 2209 1374 2260 Thesprotia,
1404 2209 1527 2247 Italia
1555 2213 1597 2247 et
1626 2207 1768 2247 Sicilia
1787 2209 2011 2259 legationes
2031 2209 2257 2258 praeclaras
2277 2208 2442 2248 obiisse.

93 2272 208 2322 Quae
238 2288 359 2325 quam
387 2277 569 2318 diversa!
627 2280 828 2331 Taylorus
858 2281 1005 2331 adjicit.
1061 2281 1221 2319 Horum
1248 2286 1581 2330 argumentorum
1609 2281 1788 2330 primum
1817 2281 1967 2330 accipio
1996 2279 2169 2318 alterum
2195 2285 2237 2318 et
2260 2280 2441 2327 tertium,

95 2345 243 2394 quibus
270 2361 354 2386 non
380 2351 558 2390 multum
587 2352 719 2391 evinci
748 2351 849 2391 mihi
877 2352 1067 2392 videatur
1107 2352 1203 2392 licet
1236 2351 1581 2402 praetermittam,
1621 2356 1757 2390 tamen
1802 2351 2002 2403 Taylorus
2040 2351 2075 2389 is
2117 2349 2327 2389 habendus
2365 2357 2440 2396 est,

94 2417 164 2467 qui
183 2418 339 2468 primus
358 2434 445 2460 rem
464 2422 507 2461 in
526 2424 845 2463 controversiam
872 2424 1057 2463 virorum
1085 2423 1292 2464 doctorum
1320 2423 1537 2462 vocaverit.
1595 2422 1742 2462 Conati
1772 2427 1869 2461 sunt
1896 2436 1989 2461 eum
2005 2422 2193 2460 'refutare
2222 2422 2273 2460 D.
2296 2422 2442 2460 Ruhn-

94 2487 242 2528 kcm’us
271 2494 313 2529 et
339 2491 638 2534 Valckenarius
666 2501 713 2533 ut
741 2496 842 2533 mihi
871 2496 1035 2546 quidem
1062 2496 1226 2534 videtur
1252 2496 1388 2533 minus
1418 2508 1611 2544 prospero
1638 2500 1801 2534 eventu.

290 2561 418 2602 Porro
446 2564 496 2603 A.
526 2566 576 2604 Gr.
607 2567 816 2605 Beckerus
844 2567 1049 2606 dubitavit
1076 2569 1120 2605 in
1147 2567 1481 2616 interpretatione
1509 2566 1739 2616 germanica
1768 2564 1998 2613 Andocidis‚
2029 2579 2128 2605 num
2158 2564 2263 2606 hanc
2292 2566 2442 2607 oratio-

97 2643 191 2669 nem
220 2632 448 2674 Andocides
477 2639 767 2689 scripseritfl‘).

288 2703 356 2745 Ex
385 2709 678 2750 recentioribus
708 2710 860 2751 sufficit
886 2709 955 2751 Fr.
984 2710 1184 2751 Vaterum
1212 2708 1388 2757 laudare,
1420 2708 1489 2761 qui
1518 2713 1559 2748 et
1587 2709 1674 2761 ipse
1695 2707 1944 2747 Andocidem
1973 2708 2048 2747 hac
2068 2710 2253 2748 oratione
2279 2711 2445 2760 privan-

98 2772 196 2814 dum
223 2775 487 2828 existimavit,
517 2786 558 2820 et
585 2781 787 2822 Meierum
814 2782 1051 2830 Halensem,
1081 2795 1201 2834 quem
1229 2783 1273 2820 in
1300 2781 1710 2820 commentationibus
1738 2780 1965 2818 academiae
1980 2780 2184 2820 'Haleusis
2205 2788 2270 2820 sat
2288 2782 2445 2821 idoneis

229 2945 259 2986 *)
283 2947 422 2982 Secutus
446 2960 516 2984 sum
551 2954 813 2987 emendationem
844 2955 978 2997 Taylori
1011 2952 1183 2996 (εὐανδρίᾳ
1213 2963 1273 2995 pro
1300 2950 1335 2984 ἐν
1367 2949 1522 2993 α’νδρίρι),
1570 2950 1671 2984 Codd.
1701 2950 1797 2984 ABZ.
1832 2949 2075 2994 confirmatam,
2112 2962 2209 2994 quam
2238 2954 2365 2996 recepit
2389 2953 2447 2986 lm.

296 3002 401 3036 Bekk.
428 3004 448 3037 l.
473 3016 500 3038 c..
525 3007 566 3039 cf.
591 3008 631 3041 A.
656 3008 694 3042 G.
719 3009 856 3051 Becker,
881 3009 1069 3042 Andocides
1096 3020 1127 3050 p.
1152 3012 1204 3042 87.

209 3071 259 3112 **)
284 3072 321 3105 In
345 3073 516 3110 Andocide
540 3090 573 3121 p.
597 3083 626 3113 4.
