2711 3418
1204 195 1254 237 12

40 316 208 345 causam
246 304 401 353 adisse,
439 304 550 344 unde
587 301 746 356 pateat,
785 294 1041 363 Andocidem
1078 305 1303 346 orationem
1340 305 1447 345 hanc
1480 317 1566 345 non
1601 304 1825 356 scripsisse.
1889 305 2033 358 Neque
2070 312 2170 345 'vero
2207 302 2407 344 Phaeacia

41 389 134 416 eam
162 387 253 415 osse
281 389 334 415 ex
362 376 438 414 hac
465 388 510 414 re
538 388 623 414 una
648 376 783 415 evinci
812 382 966 427 potest,
995 388 1229 428 quanquam
1256 376 1454 416 confiteor
1491 377 1598 416 hanc
1623 389 1713 416 rem
1740 389 1831 416 esse
1859 378 2021 428 magni,
2058 369 2129 416 ‘vel
2153 376 2405 427 potius‘ma-

46 449 150 487 ximi
177 448 389 495 momenti,
418 448 478 486 ita
505 452 553 486 ut
580 447 662 487 nisi
691 447 796 488 aliae
824 461 891 488 res
908 448 1149 495 obstarent,
1178 461 1231 488 ex
1258 452 1374 491 tanto
1401 461 1541 489 rerum
1568 452 1767 488 concentu
1794 445 1982 489 concludi
2017 452 2159 500 posset
2184 437 2410 489 orationem

44 532 135 560 0000
163 518 375 561 Phaeacis.
430 517 600 558 Etenim
636 517 680 558 id
721 518 877 560 Vatero
905 519 1207 561 concedendum
1236 524 1322 569 est,
1361 519 1470 572 quod
1496 519 1596 560 dicit
1621 532 1660 571 p.
1690 517 1794 568 433,
1839 519 2029 573 „ineptus
2057 520 2114 561 sit
2139 510 2410 572 oportetfqm

48 589 234 632 omnium
261 590 515 642 legationum
541 590 783 630 memoriam
799 590 908 643 apud
922 591 1202 644 Thucydidem
1230 580 1482 643 quaesiverit
1507 591 1625 645 (nam
1651 595 1753 643 quot
1777 604 1863 631 non
1889 592 2115 644 legationes
2132 591 2284 631 missae
2312 582 2411 630 sunt

46 663 91 702 in
118 662 200 702 isto
227 661 358 709 bello,
403 673 506 712 quas
534 673 619 700 non
646 663 983 703 commemoravit
1011 664 1184 715 scriptor
1210 663 1481 715 gravissimus
1491 663 1569 716 ?),“
1607 663 1708 714 quin
1744 663 1871 702 etiam
1908 661 1952 702 id
1988 667 2142 711 statuo,
2183 662 2409 702 orationem

46 733 301 785 argumentis
330 734 614 772 confirmatam
656 734 790 784 ipsam
827 747 917 774 esse
944 735 1101 775 fontem
1128 748 1265 774 rerum
1293 740 1524 786 gestarum,
1564 739 1606 774 et
1640 747 1729 774 rem
1764 734 1947 785 aliquam
1986 734 2037 774 ob
2071 734 2115 773 id
2147 734 2284 785 ipsum
2318 745 2409 773 csse

46 804 365 858 credibiliorem,
395 803 503 856 quod
531 804 577 845 in
604 805 790 846 oratione
820 807 907 858 ejus
933 806 1088 848 mentio
1115 806 1198 847 fiat.
1254 805 1400 858 Itaque
1437 819 1520 847 non
1553 818 1719 858 possum
1749 818 1835 846 non
1869 802 1970 847 haec
2006 809 2220 855 statuere;'
2239 803 2409 858 legatio-

46 890 141 916 nem
169 876 287 916 illam
315 876 517 916 Phaeacis
547 877 593 916 in
622 875 809 917 Siciliam
838 884 881 919 et
906 878 1072 919 Italiam
1100 891 1125 918 a
1151 878 1389 931 Thucydide
1417 878 1651 918 confirmari
1678 890 1762 918 non
1788 890 1916 930 11080,
1953 878 2046 918 fieri
2072 878 2255 929 potuisse
2282 877 2410 929 igitur

45 948 149 988 mihi
174 947 364 996 videtur,
392 953 441 988 ut
467 948 641 989 Phaeax
668 950 849 1000 reliquas
878 963 1038 1001 quoque
1065 951 1109 990 in
1138 950 1320 990 oratione
1347 954 1608 990 enumeratas
1634 949 1797 997 faceret,
1826 954 1875 990 ut
1901 950 2028 990 etiam
2054 950 2099 989 in
2126 941 2310 990 oratione
2326 947 2408 988 *ha-·

46 1019 132 1059 bita
158 1032 230 1060 eas
257 1025 616 1069 commemoraret,
659 1033 792 1072 neque
830 1034 930 1061 vero
968 1021 1105 1062 minus
1146 1021 1300 1071 dubito,
1335 1035 1436 1062 num
1474 1021 1573 1062 haec
1614 1022 1744 1062 oratio
1778 1033 1803 1061 a
1840 1020 2051 1061 Phaeace'
2069 1021 2221 1073 scripta
2248 1019 2313 1059 sit.
2356 1041 2408 1048 —

46 1089 130 1131 Sed
157 1095 323 1142 tempus
352 1096 416 1131 est
443 1092 621 1132 transii-e
648 1091 701 1132 ad
728 1097 972 1145 argumenta
998 1092 1251 1145 proferenda,
1280 1106 1353 1134 cur
1379 1093 1423 1133 id
1449 1093 1541 1133 fieri
1567 1106 1652 1133 non
1678 1092 1870 1149 potuerit.

245 1161 419 1202 Constat
446 1163 556 1203 inter
594 1176 737 1203 omnes
770 1164 1011 1204 institutum
1047 1178 1137 1204 esse
1170 1164 1391 1216 aliquando
1428 1165 1714 1204 ostracismum
1752 1164 1803 1204 de
1838 1161 2068 1212 Alcibiade,
2100 1163 2151 1203 dc
2190 1162 2329 1210 Nicia,
2357 1161 2409 1202 de

45 1233 251 1281 Phaeace,
279 1234 380 1273 item
409 1238 499 1273 tum
527 1235 702 1286 ejectum
730 1247 821 1275 esse
849 1235 1147 1287 Hyperbolum.
1212 1234 1334 1285 Quod
1369 1249 1450 1288 quo
1488 1248 1596 1276 anno
1632 1235 1786 1276 factum
1821 1236 1877 1275 sit
1913 1248 2041 1287 quum
2074 1245 2279 1286 nusquam
2307 1240 2409 1274 'con-

44 1305 175 1356 ceptis
218 1305 358 1344 verbis
398 1306 607 1354 tradatur,
660 1319 804 1346 omnes
851 1307 984 1347 adhuc
1019 1320 1127 1347 anno
1167 1308 1246 1348 415
1289 1321 1324 1348 a.
1361 1306 1428 1348 Ol.
1464 1321 1553 1347 rem
1586 1307 1738 1348 factam
1780 1320 1871 1349 esse
1917 1311 2154 1358 posuerunt.
2228 1300 2323 1345 Sed'
2355 1304 2407 1344 (10

45 1376 122 1415 1100
149 1379 292 1426 postea
318 1376 441 1426 plura
468 1377 698 1416 afferamus.
756 1377 900 1428 Neque
928 1382 993 1417 est
1020 1377 1127 1428 quod
1154 1392 1352 1429 negemus
1380 1379 1606 1418 orationem
1632 1383 1724 1418 tum
1741 1377 1927 1418 habitam
1953 1390 2044 1417 0000
2072 1377 2160 1428 sive
2179 1389 2205 1416 a
2219 1372 2409 1416 Phaeaca

45 1447 135 1487 sive
164 1446 215 1486 ab
244 1446 477 1495 Andocide,
507 1446 634 1498 (quod
661 1448 827 1500 quidem
855 1448 959 1488 mihi
985 1448 1150 1489 videtur
1175 1450 1314 1489 minus
1341 1449 1609 1503 verisimile),
1638 1448 1711 1489 sed
1743 1448 1850 1488 hanc
1877 1449 2114 1496 orationem,
2143 1460 2247 1499 quae
2274 1445 2405 1486 adhuc

46 1523 195 1567 exstat,
223 1518 315 1559 'tum
340 1518 527 1559 habitam
552 1531 653 1569 esse,
682 1533 881 1573 perquam
909 1520 1080 1561 dubium
1108 1534 1196 1563 esse
1223 1523 1327 1563 mihi
1354 1522 1529 1564 videtur.
1577 1513 1714 1562 ‘Recte
1741 1520 1845 1560 mihi
1865 1521 1955 1573 jam
1971 1519 2183 1561 Beckerus
2198 1518 2406 1560 divinasse

45 1590 228 1637 videtur,
257 1591 485 1630 orationem
513 1603 604 1630 0000
631 1593 942 1643 suppositiciam
956 1623 966 1640 ‚
1012 1605 1106 1631 cum
1143 1590 1243 1629 haec
1279 1590 1433 1629 diceret
1442 1590 1502 1640 *):
1567 1588 1634 1627 Da
1670 1588 1865 1627 indessen
1901 1585 2170 1626 bekanntlich
2209 1584 2296 1624 sich
2334 1584 2407 1624 das

46 1661 290 1702 Alterthum
327 1662 560 1714 gleichfalls
606 1663 665 1703 im
699 1662 868 1704 Urtheil
909 1663 1012 1703 uber
1052 1663 1117 1703 die
1156 1661 1352 1702 Echtheit
1393 1660 1567 1700 anderer
1593 1658 1740 1700 Reden
1766 1658 1827 1700 oft
1853 1658 2002 1711 geirrt,
2049 1656 2171 1698 sollte
2197 1655 2314 1696 nicht
2339 1655 2408 1702 ein

47 1733 263 1774 ahnlicher
289 1734 477 1774 Irrthum
516 1735 620 1775 auch
647 1734 738 1775 hier
764 1734 945 1787 1110811011
973 1734 1059 1775 und
1092 1747 1211 1786 sogar
1238 1730 1580 1773 wahrschcinlich
1620 1730 1736 1771 sein?
1799 1730 1853 1770 In
1880 1729 1961 1769 den
1987 1726 2172 1769 Schulen
2198 1726 2271 1767 der
2296 1726 2408 1766 Rhe-

45 1808 165 1844 toren
193 1804 393 1856 gehorten
420 1805 486 1845 die
524 1805 726 1857 λοιδορίαι
754 1801 1026 1854 Ἀλκιβιάδου
1063 1819 1113 1844 zu
1141 1805 1277 1844 einem
1304 1803 1531 1843 stehenden
1558 1802 1729 1841 Artikel
1756 1799 2139 1841 declamatorischer
2164 1798 2407 1850 Uebungcn,

45 1875 259 1915 vieUeicht
285 1876 429 1916 fruher
455 1890 521 1917 wo
549 1877 622 1916 das
649 1877 858 1917 Interesse
886 1890 941 1916 an
969 1876 1213 1917 Alkibiades
1241 1874 1347 1915 noch
1373 1867 1612 1924 lebendiger
1638 1873 1724 1913 und
1751 1872 1925 1913 frischer
1951 1884 2039 1911 war
2066 1883 2135 1910 am
2159 1868 2408 1920 hafflig-stan,

45 1946 132 1986 und
160 1946 212 1986 da
238 1947 318 1987 wie
347 1946 603 1989 anderwarts
631 1948 790 2000 gezeigt
816 1948 892 1996 ist,
933 1947 995 1988 oft
1031 1946 1128 1987 sehr
1159 1946 1255 1987 frah
1282 1945 1369 1986 und
1398 1944 1528 1985 selbst
1564 1943 1692 1984 kurze
1730 1943 1824 1984 Zeit
1849 1942 1966 1983 'nach
2004 1940 2076 1981 (101·
2114 1939 2410 1993 Verfertigung

46 2017 120 2058 der
147 2018 286 2058 echten
313 2018 474 2059 Werke
510 2020 624 2059 eines
663 2018 986 2060 Schriftstellers
1020 2018 1126 2059 auch
1157 2017 1332 2058 unechte
1370 2015 1593 2056 denselben
1631 2014 1900 2067 hinzugefngt
1939 2011 2132 2054 wurden:
2172 2024 2217 2052 so
2254 2011 2410 2052 konnte

44 2102 143 2129 man
170 2089 298 2130 leicht
325 2090 525 2142 glauben,
568 2091 663 2131 dass
693 2091 819 2131 schon
846 2090 1047 2131 Plutarch
1075 2089 1204 2131 durch
1244 2088 1355 2128 dieso
1389 2087 1486 2127 (10111
1522 2086 1764 2127 Andokides
1801 2084 2012 2126 vielleicht
2048 2083 2175 2123 sehon
2207 2096 2290 2123 von
2330 2082 2411 2122 den

45 2160 385 2201 Alexandrinern
413 2162 755 2213 zugeschriebenc
782 2162 897 2203 Rede
919 2162 1138 2214 getauscht
1169 2159 1337 2201 worden
1357 2159 1427 2199 sei.
1484 2158 1787 2210 Uebrigens
1815 2158 1891 2197 ist
1917 2169 1973 2196 es
1999 2155 2139 2203 klar‚
2167 2154 2291 2195 dass
2318 2154 2411 2195 der

44 2230 272 2284 Angriff
293 2231 384 2272 auf
407 2232 725 2274 Alkibiades
752 2233 854 2274 und
882 2233 965 2274 die
994 2230 1472 2285 Verunglimpfung
1499 2231 1679 2271 seines
1707 2228 1917 2269 Lebens
1946 2226 2053 2267 und
2080 2225 2409 2267 Oharakters

44 2303 130 2343 die
157 2303 518 2355 Hauptpartie
547 2318 770 2345 unserer
797 2306 944 2345 Rode
973 2291 1150 2352 bildc,
1178 2303 1415 2344 welcher
1443 2303 1529 2341 die
1563 2302 1795 2352 nbrigen
1823 2299 2035 2345 Theile,
2085 2298 2244 2338 nicht
2276 2297 2410 2337 eben

44 2375 135 2414 mit
161 2374 252 2414 der
279 2375 431 2415 Hand
460 2377 612 2416 eines
639 2377 967 2423 Kunstlers,
997 2374 1323 2427 angeheftet
1351 2373 1483 2413 sind.

240 2445 351 2487 Hinc
379 2449 525 2499 opinor
552 2461 716 2489 omnem
744 2448 1066 2500 disputationem
1093 2446 1297 2499 proficisci
1324 2449 1521 2497 oportere.
1576 2443 1941 2483 Verisimillimum
1967 2440 2071 2481 mihi
2089 2440 2254 2481 videtur
2274 2439 2409 2480 Phae-

43 2528 158 2556 acem
186 2520 276 2556 tum
316 2519 542 2559 orationem
578 2519 792 2568 habuisse,
833 2533 937 2572 quae
974 2519 1026 2560 ad
1061 2523 1246 2571 posteros
1280 2515 1537 2568 pervenerit,
1572 2527 1705 2566 neque
1744 2527 1842 2554 vero
1878 2513 1955 2553 sub
1994 2512 2193 2552 Phaeacis
2230 2512 2408 2552 nomine.

43 2587 197 2627 Postea
214 2588 422 2630 rhetorem
441 2591 621 2642 aliquem
636 2592 742 2631 hanc
757 2593 983 2631 emtionem
1002 2605 1161 2642 resque,
1190 2602 1294 2641 quae
1311 2590 1357 2628 in
1371 2601 1419 2628 ea
1433 2587 1752 2633 continerentur,
1780 2599 1855 2637 pro
1872 2589 2113 2637 argumento
2140 2584 2338 2625 sumsisse
2356 2597 2410 2624 ex

42 2672 124 2710 quo
142 2671 295 2699 novam
313 2661 498 2713 fingeret.
556 2661 715 2711 Quodsi
734 2662 1084 2713 perpenderimus,
1115 2661 1213 2713 quid
1241 2661 1287 2700 in
1306 2659 1482 2700 Graecia
1507 2662 1783 2706 tumcentum
1802 2657 1888 2697 fere
1906 2656 2004 2695 anni
2028 2656 2247 2703 valuerint,
2276 2655 2410 2694 multa

42 2730 87 2769 in
116 2730 193 2770 hac
221 2732 406 2771 oratione
434 2734 572 2772 minus
600 2734 707 2783 mira
734 2734 1002 2784 apparebunt.
1059 2733 1229 2773 Etenim
1253 2731 1387 2782 quiin
1415 2730 1509 2769 aliis
1547 2729 1801 2769 orationibus
1835 2729 1923 2768 sive
1962 2727 2185 2766 Andocidis
2212 2727 2332 2767 velut
2358 2726 2409 2766 de

40 2801 161 2850 Pace,
191 2803 281 2843 sive
310 2803 354 2841 in
373 2803 594 2843 Aeschinis
622 2805 807 2844 oratione
835 2805 885 2844 de
914 2805 1019 2844 falsa
1046 2805 1231 2844 oratione
1249 2807 1324 2842 etc.
1353 2802 1501 2853 legerit
1519 2800 1720 2852 quomodo
1737 2800 1979 2850 interposito
2007 2798 2227 2838 intervallo
2245 2801 2409 2838 tantum

43 2873 345 2925 quinquaginta
372 2875 442 2914 vel
472 2876 688 2926 sexaginta
716 2889 919 2916 annorum
948 2875 997 2915 de
1025 2876 1167 2923 rebus,
1198 2873 1347 2925 quibus
1386 2873 1455 2912 vel
1482 2872 1563 2923 ipsi
1601 2872 1830 2911 intererant
1857 2871 1926 2911 vel
1953 2869 2005 2909 ab
2033 2870 2126 2910 aliis
2154 2869 2409 2917 audiverant,

170 3025 201 3067 *)
225 3025 389 3059 Andocid.
412 3037 444 3069 p.
471 3029 520 3061 14.
